[
  {
    "date": "2026-05-05",
    "symbol": "AMD",
    "eps": null,
    "epsEstimated": 1.27,
    "time": "amc",
    "revenue": null,
    "revenueEstimated": 9854260480,
    "updatedFromDate": "2026-02-08",
    "fiscalDateEnding": "2026-03-26"
  },
  {
    "date": "2026-02-03",
    "symbol": "AMD",
    "eps": 1.53,
    "epsEstimated": 1.32,
    "time": "amc",
    "revenue": 10270000000,
    "revenueEstimated": 9668356900,
    "updatedFromDate": "2026-02-08",
    "fiscalDateEnding": "2025-12-27"
  },
  {
    "date": "2025-11-04",
    "symbol": "AMD",
    "eps": 1.2,
    "epsEstimated": 1.17,
    "time": "amc",
    "revenue": 9246000000,
    "revenueEstimated": 8756463065,
    "updatedFromDate": "2026-02-04",
    "fiscalDateEnding": "2025-09-27"
  },
  {
    "date": "2025-08-05",
    "symbol": "AMD",
    "eps": 0.48,
    "epsEstimated": 0.4787,
    "time": "amc",
    "revenue": 7685000000,
    "revenueEstimated": 7414245177,
    "updatedFromDate": "2025-11-05",
    "fiscalDateEnding": "2025-06-28"
  },
  {
    "date": "2025-05-06",
    "symbol": "AMD",
    "eps": 0.96,
    "epsEstimated": 0.944,
    "time": "amc",
    "revenue": 7438000000,
    "revenueEstimated": 7124413064,
    "updatedFromDate": "2025-08-06",
    "fiscalDateEnding": "2025-03-29"
  },
  {
    "date": "2025-02-04",
    "symbol": "AMD",
    "eps": 1.09,
    "epsEstimated": 1.08,
    "time": "amc",
    "revenue": 7658000000,
    "revenueEstimated": 7532859637,
    "updatedFromDate": "2025-05-04",
    "fiscalDateEnding": "2024-12-28"
  },
  {
    "date": "2024-10-29",
    "symbol": "AMD",
    "eps": 0.92,
    "epsEstimated": 0.922,
    "time": "amc",
    "revenue": 6819000000,
    "revenueEstimated": 6714743758,
    "updatedFromDate": "2025-04-25",
    "fiscalDateEnding": "2024-09-28"
  },
  {
    "date": "2024-07-30",
    "symbol": "AMD",
    "eps": 0.69,
    "epsEstimated": 0.678,
    "time": "amc",
    "revenue": 5835000000,
    "revenueEstimated": 5728584992,
    "updatedFromDate": "2025-04-25",
    "fiscalDateEnding": "2024-06-29"
  },
  {
    "date": "2024-04-30",
    "symbol": "AMD",
    "eps": 0.62,
    "epsEstimated": 0.616,
    "time": "amc",
    "revenue": 5473000000,
    "revenueEstimated": 5476961340,
    "updatedFromDate": "2025-04-25",
    "fiscalDateEnding": "2024-03-30"
  },
  {
    "date": "2024-01-30",
    "symbol": "AMD",
    "eps": 0.77,
    "epsEstimated": 0.77,
    "time": "amc",
    "revenue": 6168000000,
    "revenueEstimated": 5643760000,
    "updatedFromDate": "2025-04-25",
    "fiscalDateEnding": "2023-12-30"
  },
  {
    "date": "2023-10-31",
    "symbol": "AMD",
    "eps": 0.7,
    "epsEstimated": 0.68,
    "time": "amc",
    "revenue": 5800000000,
    "revenueEstimated": 5369880000,
    "updatedFromDate": "2025-04-25",
    "fiscalDateEnding": "2023-09-30"
  },
  {
    "date": "2023-08-01",
    "symbol": "AMD",
    "eps": 0.58,
    "epsEstimated": 0.57,
    "time": "amc",
    "revenue": 5359000000,
    "revenueEstimated": 5310690000,
    "updatedFromDate": "2025-04-25",
    "fiscalDateEnding": "2023-07-01"
  },
  {
    "date": "2023-05-02",
    "symbol": "AMD",
    "eps": 0.6,
    "epsEstimated": 0.56,
    "time": "amc",
    "revenue": 5353000000,
    "revenueEstimated": 5299960000,
    "updatedFromDate": "2025-04-25",
    "fiscalDateEnding": "2023-04-01"
  },
  {
    "date": "2023-01-31",
    "symbol": "AMD",
    "eps": 0.69,
    "epsEstimated": 0.66,
    "time": "amc",
    "revenue": 5599000000,
    "revenueEstimated": 5511663759,
    "updatedFromDate": "2025-04-25",
    "fiscalDateEnding": "2022-12-31"
  },
  {
    "date": "2022-11-01",
    "symbol": "AMD",
    "eps": 0.67,
    "epsEstimated": 0.67,
    "time": "amc",
    "revenue": 5565000000,
    "revenueEstimated": 5650883725,
    "updatedFromDate": "2025-04-25",
    "fiscalDateEnding": "2022-09-24"
  },
  {
    "date": "2022-08-02",
    "symbol": "AMD",
    "eps": 1.05,
    "epsEstimated": 1.03,
    "time": "amc",
    "revenue": 6550000000,
    "revenueEstimated": 6529838164,
    "updatedFromDate": "2025-04-25",
    "fiscalDateEnding": "2022-06-25"
  },
  {
    "date": "2022-05-03",
    "symbol": "AMD",
    "eps": 1.13,
    "epsEstimated": 0.91,
    "time": "amc",
    "revenue": 5887000000,
    "revenueEstimated": 5006769973,
    "updatedFromDate": "2025-04-25",
    "fiscalDateEnding": "2022-03-26"
  },
  {
    "date": "2022-02-01",
    "symbol": "AMD",
    "eps": 0.92,
    "epsEstimated": 0.76,
    "time": "amc",
    "revenue": 4826000000,
    "revenueEstimated": 4522709249,
    "updatedFromDate": "2025-04-25",
    "fiscalDateEnding": "2021-12-25"
  },
  {
    "date": "2021-10-26",
    "symbol": "AMD",
    "eps": 0.73,
    "epsEstimated": 0.67,
    "time": "amc",
    "revenue": 4313000000,
    "revenueEstimated": 4107640000,
    "updatedFromDate": "2025-04-25",
    "fiscalDateEnding": "2021-09-25"
  },
  {
    "date": "2021-07-27",
    "symbol": "AMD",
    "eps": 0.63,
    "epsEstimated": 0.54,
    "time": "amc",
    "revenue": 3850000000,
    "revenueEstimated": 4112030000,
    "updatedFromDate": "2025-04-25",
    "fiscalDateEnding": "2021-06-26"
  },
  {
    "date": "2021-04-27",
    "symbol": "AMD",
    "eps": 0.52,
    "epsEstimated": 0.44,
    "time": "amc",
    "revenue": 3445000000,
    "revenueEstimated": 3204420000,
    "updatedFromDate": "2025-04-25",
    "fiscalDateEnding": "2021-03-27"
  },
  {
    "date": "2021-01-26",
    "symbol": "AMD",
    "eps": 0.52,
    "epsEstimated": 0.47,
    "time": "amc",
    "revenue": 3244000000,
    "revenueEstimated": 3016740000,
    "updatedFromDate": "2025-04-25",
    "fiscalDateEnding": "2020-12-26"
  },
  {
    "date": "2020-10-27",
    "symbol": "AMD",
    "eps": 0.41,
    "epsEstimated": 0.36,
    "time": "amc",
    "revenue": 2801000000,
    "revenueEstimated": 2459414634,
    "updatedFromDate": "2025-04-25",
    "fiscalDateEnding": "2020-09-26"
  },
  {
    "date": "2020-07-28",
    "symbol": "AMD",
    "eps": 0.18,
    "epsEstimated": 0.16,
    "time": "amc",
    "revenue": 1932000000,
    "revenueEstimated": 1717333333,
    "updatedFromDate": "2025-04-25",
    "fiscalDateEnding": "2020-06-27"
  },
  {
    "date": "2020-04-28",
    "symbol": "AMD",
    "eps": 0.18,
    "epsEstimated": 0.18,
    "time": "amc",
    "revenue": 1786000000,
    "revenueEstimated": 1786000000,
    "updatedFromDate": "2025-04-25",
    "fiscalDateEnding": "2020-03-28"
  },
  {
    "date": "2020-01-28",
    "symbol": "AMD",
    "eps": 0.32,
    "epsEstimated": 0.3,
    "time": "amc",
    "revenue": 2127000000,
    "revenueEstimated": 2060531250,
    "updatedFromDate": "2025-04-25",
    "fiscalDateEnding": "2019-12-28"
  },
  {
    "date": "2019-10-29",
    "symbol": "AMD",
    "eps": 0.18,
    "epsEstimated": 0.18,
    "time": "amc",
    "revenue": 1801000000,
    "revenueEstimated": 1801000000,
    "updatedFromDate": "2025-04-25",
    "fiscalDateEnding": "2019-09-28"
  },
  {
    "date": "2019-07-30",
    "symbol": "AMD",
    "eps": 0.08,
    "epsEstimated": 0.08,
    "time": "amc",
    "revenue": 1531000000,
    "revenueEstimated": 1531000000,
    "updatedFromDate": "2025-04-25",
    "fiscalDateEnding": "2019-06-29"
  },
  {
    "date": "2019-04-30",
    "symbol": "AMD",
    "eps": 0.06,
    "epsEstimated": 0.05,
    "time": "amc",
    "revenue": 1272000000,
    "revenueEstimated": 1060000000,
    "updatedFromDate": "2025-04-25",
    "fiscalDateEnding": "2019-03-30"
  },
  {
    "date": "2019-01-29",
    "symbol": "AMD",
    "eps": 0.08,
    "epsEstimated": 0.09,
    "time": "amc",
    "revenue": 1419000000,
    "revenueEstimated": 1419000000,
    "updatedFromDate": "2025-04-25",
    "fiscalDateEnding": "2018-12-29"
  },
  {
    "date": "2018-10-24",
    "symbol": "AMD",
    "eps": 0.13,
    "epsEstimated": 0.12,
    "time": "amc",
    "revenue": 1653000000,
    "revenueEstimated": 1525846153,
    "updatedFromDate": "2025-04-25",
    "fiscalDateEnding": "2018-09-29"
  },
  {
    "date": "2018-07-25",
    "symbol": "AMD",
    "eps": 0.14,
    "epsEstimated": 0.13,
    "time": "amc",
    "revenue": 1756000000,
    "revenueEstimated": 1630571428,
    "updatedFromDate": "2025-04-25",
    "fiscalDateEnding": "2018-06-30"
  },
  {
    "date": "2018-04-25",
    "symbol": "AMD",
    "eps": 0.11,
    "epsEstimated": 0.09,
    "time": "amc",
    "revenue": 1647000000,
    "revenueEstimated": 1347545454,
    "updatedFromDate": "2025-04-25",
    "fiscalDateEnding": "2018-03-31"
  },
  {
    "date": "2018-01-30",
    "symbol": "AMD",
    "eps": 0.08,
    "epsEstimated": 0.05,
    "time": "amc",
    "revenue": 1340000000,
    "revenueEstimated": 837500000,
    "updatedFromDate": "2025-04-25",
    "fiscalDateEnding": "2017-12-30"
  },
  {
    "date": "2017-10-24",
    "symbol": "AMD",
    "eps": 0.1,
    "epsEstimated": 0.08,
    "time": "amc",
    "revenue": 1584000000,
    "revenueEstimated": 1267200000,
    "updatedFromDate": "2025-04-25",
    "fiscalDateEnding": "2017-09-30"
  },
  {
    "date": "2017-07-25",
    "symbol": "AMD",
    "eps": 0.02,
    "epsEstimated": null,
    "time": "amc",
    "revenue": 1151000000,
    "revenueEstimated": null,
    "updatedFromDate": "2025-04-25",
    "fiscalDateEnding": "2017-07-01"
  },
  {
    "date": "2017-05-01",
    "symbol": "AMD",
    "eps": -0.04,
    "epsEstimated": -0.05,
    "time": "amc",
    "revenue": 1178000000,
    "revenueEstimated": 1178000000,
    "updatedFromDate": "2025-04-25",
    "fiscalDateEnding": "2017-04-01"
  },
  {
    "date": "2017-01-31",
    "symbol": "AMD",
    "eps": -0.01,
    "epsEstimated": -0.00737,
    "time": "amc",
    "revenue": 1106000000,
    "revenueEstimated": 2212000000,
    "updatedFromDate": "2025-04-25",
    "fiscalDateEnding": "2016-12-31"
  },
  {
    "date": "2016-10-20",
    "symbol": "AMD",
    "eps": 0.03,
    "epsEstimated": null,
    "time": "amc",
    "revenue": 1307000000,
    "revenueEstimated": null,
    "updatedFromDate": "2025-04-25",
    "fiscalDateEnding": "2016-09-24"
  },
  {
    "date": "2016-07-21",
    "symbol": "AMD",
    "eps": -0.05,
    "epsEstimated": -0.09,
    "time": "amc",
    "revenue": 1027000000,
    "revenueEstimated": 1643200000,
    "updatedFromDate": "2025-04-25",
    "fiscalDateEnding": "2016-06-25"
  },
  {
    "date": "2016-04-21",
    "symbol": "AMD",
    "eps": -0.12,
    "epsEstimated": -0.13,
    "time": "amc",
    "revenue": 832000000,
    "revenueEstimated": 901333333,
    "updatedFromDate": "2025-04-25",
    "fiscalDateEnding": "2016-03-26"
  },
  {
    "date": "2016-01-19",
    "symbol": "AMD",
    "eps": -0.1,
    "epsEstimated": -0.1,
    "time": "amc",
    "revenue": 958000000,
    "revenueEstimated": 958000000,
    "updatedFromDate": "2025-04-25",
    "fiscalDateEnding": "2015-12-26"
  },
  {
    "date": "2015-10-15",
    "symbol": "AMD",
    "eps": -0.17,
    "epsEstimated": -0.11,
    "time": "amc",
    "revenue": 1061000000,
    "revenueEstimated": 748941176,
    "updatedFromDate": "2025-04-25",
    "fiscalDateEnding": "2015-09-26"
  },
  {
    "date": "2015-07-16",
    "symbol": "AMD",
    "eps": -0.17,
    "epsEstimated": -0.16,
    "time": "amc",
    "revenue": 942000000,
    "revenueEstimated": 942000000,
    "updatedFromDate": "2025-04-25",
    "fiscalDateEnding": "2015-06-27"
  },
  {
    "date": "2015-04-16",
    "symbol": "AMD",
    "eps": -0.09,
    "epsEstimated": -0.06,
    "time": "amc",
    "revenue": 1030000000,
    "revenueEstimated": 764775000,
    "updatedFromDate": "2025-04-25",
    "fiscalDateEnding": "2015-03-28"
  },
  {
    "date": "2015-01-20",
    "symbol": "AMD",
    "eps": -0.46907,
    "epsEstimated": -0.23454,
    "time": "amc",
    "revenue": 1239000000,
    "revenueEstimated": 54536195700,
    "updatedFromDate": "2025-04-25",
    "fiscalDateEnding": "2014-12-27"
  },
  {
    "date": "2014-10-16",
    "symbol": "AMD",
    "eps": 0.03,
    "epsEstimated": 0.0424,
    "time": "amc",
    "revenue": 1429000000,
    "revenueEstimated": 1905333333,
    "updatedFromDate": "2025-04-25",
    "fiscalDateEnding": "2014-09-27"
  },
  {
    "date": "2014-07-17",
    "symbol": "AMD",
    "eps": 0.02,
    "epsEstimated": 0.02525,
    "time": "amc",
    "revenue": 1441000000,
    "revenueEstimated": 2161500000,
    "updatedFromDate": "2025-04-25",
    "fiscalDateEnding": "2014-06-28"
  },
  {
    "date": "2014-04-17",
    "symbol": "AMD",
    "eps": 0.02,
    "epsEstimated": null,
    "time": "amc",
    "revenue": 1397000000,
    "revenueEstimated": null,
    "updatedFromDate": "2025-04-25",
    "fiscalDateEnding": "2014-03-29"
  },
  {
    "date": "2014-01-21",
    "symbol": "AMD",
    "eps": 0.06,
    "epsEstimated": 0.06,
    "time": "amc",
    "revenue": 1589000000,
    "revenueEstimated": 1324166666,
    "updatedFromDate": "2025-04-25",
    "fiscalDateEnding": "2013-12-28"
  },
  {
    "date": "2013-10-17",
    "symbol": "AMD",
    "eps": 0.04,
    "epsEstimated": 0.02144,
    "time": "amc",
    "revenue": 1461000000,
    "revenueEstimated": 730500000,
    "updatedFromDate": "2025-04-25",
    "fiscalDateEnding": "2013-09-28"
  },
  {
    "date": "2013-07-18",
    "symbol": "AMD",
    "eps": -0.09,
    "epsEstimated": -0.12,
    "time": "amc",
    "revenue": 1161000000,
    "revenueEstimated": 1548000000,
    "updatedFromDate": "2025-04-25",
    "fiscalDateEnding": "2013-06-29"
  },
  {
    "date": "2013-04-18",
    "symbol": "AMD",
    "eps": -0.13,
    "epsEstimated": -0.17,
    "time": "amc",
    "revenue": 1088000000,
    "revenueEstimated": 1506461538,
    "updatedFromDate": "2025-04-25",
    "fiscalDateEnding": "2013-03-31"
  },
  {
    "date": "2013-01-22",
    "symbol": "AMD",
    "eps": -0.14,
    "epsEstimated": -0.2,
    "time": "amc",
    "revenue": 1155000000,
    "revenueEstimated": 1649999999,
    "updatedFromDate": "2025-04-25",
    "fiscalDateEnding": "2012-12-29"
  },
  {
    "date": "2012-10-18",
    "symbol": "AMD",
    "eps": -0.2,
    "epsEstimated": -0.15,
    "time": "amc",
    "revenue": 1269000000,
    "revenueEstimated": 951750000,
    "updatedFromDate": "2025-04-25",
    "fiscalDateEnding": "2012-09-29"
  },
  {
    "date": "2012-07-19",
    "symbol": "AMD",
    "eps": 0.06,
    "epsEstimated": 0.07,
    "time": "amc",
    "revenue": 1413000000,
    "revenueEstimated": 1648500000,
    "updatedFromDate": "2025-04-25",
    "fiscalDateEnding": "2012-06-30"
  },
  {
    "date": "2012-04-19",
    "symbol": "AMD",
    "eps": 0.12,
    "epsEstimated": 0.09,
    "time": "amc",
    "revenue": 1585000000,
    "revenueEstimated": 1188750000,
    "updatedFromDate": "2025-04-25",
    "fiscalDateEnding": "2012-03-31"
  },
  {
    "date": "2012-01-24",
    "symbol": "AMD",
    "eps": 0.19,
    "epsEstimated": 0.16,
    "time": "amc",
    "revenue": 6568000000,
    "revenueEstimated": 1424000000,
    "updatedFromDate": "2025-04-25",
    "fiscalDateEnding": "2011-12-31"
  },
  {
    "date": "2011-10-27",
    "symbol": "AMD",
    "eps": 0.15,
    "epsEstimated": 0.1,
    "time": "amc",
    "revenue": 1690000000,
    "revenueEstimated": 1126666666,
    "updatedFromDate": "2025-04-25",
    "fiscalDateEnding": "2011-10-01"
  },
  {
    "date": "2011-07-21",
    "symbol": "AMD",
    "eps": 0.09,
    "epsEstimated": 0.08,
    "time": "amc",
    "revenue": 1574000000,
    "revenueEstimated": 1399111111,
    "updatedFromDate": "2025-04-25",
    "fiscalDateEnding": "2011-07-02"
  },
  {
    "date": "2011-04-21",
    "symbol": "AMD",
    "eps": 0.08,
    "epsEstimated": 0.05,
    "time": "amc",
    "revenue": 1613000000,
    "revenueEstimated": 1008125000,
    "updatedFromDate": "2025-04-25",
    "fiscalDateEnding": "2011-04-02"
  },
  {
    "date": "2011-01-20",
    "symbol": "AMD",
    "eps": 0.14,
    "epsEstimated": 0.11,
    "time": "amc",
    "revenue": 6494000000,
    "revenueEstimated": 1295642857,
    "updatedFromDate": "2025-04-25",
    "fiscalDateEnding": "2010-12-25"
  },
  {
    "date": "2010-10-14",
    "symbol": "AMD",
    "eps": 0.15,
    "epsEstimated": 0.06,
    "time": "amc",
    "revenue": 1618000000,
    "revenueEstimated": 647200000,
    "updatedFromDate": "2025-04-25",
    "fiscalDateEnding": "2010-09-25"
  },
  {
    "date": "2010-07-15",
    "symbol": "AMD",
    "eps": 0.11,
    "epsEstimated": 0.06,
    "time": "amc",
    "revenue": 1653000000,
    "revenueEstimated": 1534190625,
    "updatedFromDate": "2025-04-25",
    "fiscalDateEnding": "2010-06-26"
  },
  {
    "date": "2010-04-15",
    "symbol": "AMD",
    "eps": 0.09,
    "epsEstimated": 0.0225,
    "time": "amc",
    "revenue": 1574000000,
    "revenueEstimated": 699555555,
    "updatedFromDate": "2025-04-25",
    "fiscalDateEnding": "2010-03-27"
  },
  {
    "date": "2010-01-21",
    "symbol": "AMD",
    "eps": 1.52,
    "epsEstimated": -0.18,
    "time": "amc",
    "revenue": 5403000000,
    "revenueEstimated": 194921052,
    "updatedFromDate": "2025-04-25",
    "fiscalDateEnding": "2009-12-26"
  },
  {
    "date": "2009-10-15",
    "symbol": "AMD",
    "eps": -0.18,
    "epsEstimated": -0.42,
    "time": "amc",
    "revenue": 1396000000,
    "revenueEstimated": 3257333333,
    "updatedFromDate": "2025-04-25",
    "fiscalDateEnding": "2009-09-26"
  },
  {
    "date": "2009-07-21",
    "symbol": "AMD",
    "eps": -0.49,
    "epsEstimated": -0.47,
    "time": "amc",
    "revenue": 1184000000,
    "revenueEstimated": 1135673469,
    "updatedFromDate": "2025-04-25",
    "fiscalDateEnding": "2009-06-27"
  },
  {
    "date": "2009-04-21",
    "symbol": "AMD",
    "eps": -0.66,
    "epsEstimated": -0.66,
    "time": "amc",
    "revenue": 1177000000,
    "revenueEstimated": 1177000000,
    "updatedFromDate": "2025-04-25",
    "fiscalDateEnding": "2009-03-28"
  },
  {
    "date": "2009-01-22",
    "symbol": "AMD",
    "eps": -0.69,
    "epsEstimated": -0.54,
    "time": "amc",
    "revenue": 5808000000,
    "revenueEstimated": 909391304,
    "updatedFromDate": "2025-04-25",
    "fiscalDateEnding": "2008-12-27"
  },
  {
    "date": "2008-10-16",
    "symbol": "AMD",
    "eps": 0.13,
    "epsEstimated": -0.4,
    "time": "amc",
    "revenue": 1776000000,
    "revenueEstimated": 5529230769,
    "updatedFromDate": "2025-04-25",
    "fiscalDateEnding": "2008-09-27"
  },
  {
    "date": "2008-07-17",
    "symbol": "AMD",
    "eps": -0.6,
    "epsEstimated": -0.52,
    "time": "amc",
    "revenue": 1349000000,
    "revenueEstimated": 1180400000,
    "updatedFromDate": "2025-04-25",
    "fiscalDateEnding": "2008-06-28"
  },
  {
    "date": "2008-04-17",
    "symbol": "AMD",
    "eps": -0.51,
    "epsEstimated": -0.51,
    "time": "amc",
    "revenue": 1505000000,
    "revenueEstimated": 1487000000,
    "updatedFromDate": "2025-04-25",
    "fiscalDateEnding": "2008-03-29"
  },
  {
    "date": "2008-01-17",
    "symbol": "AMD",
    "eps": -0.17,
    "epsEstimated": -0.36,
    "time": "amc",
    "revenue": 6013000000,
    "revenueEstimated": 3678352941,
    "updatedFromDate": "2025-04-25",
    "fiscalDateEnding": "2007-12-29"
  },
  {
    "date": "2007-10-18",
    "symbol": "AMD",
    "eps": -0.49,
    "epsEstimated": -0.62,
    "time": "amc",
    "revenue": 1632000000,
    "revenueEstimated": 2128244897,
    "updatedFromDate": "2025-04-25",
    "fiscalDateEnding": "2007-09-29"
  },
  {
    "date": "2007-07-19",
    "symbol": "AMD",
    "eps": -0.95,
    "epsEstimated": -0.85,
    "time": "amc",
    "revenue": 1378000000,
    "revenueEstimated": 1171210526,
    "updatedFromDate": "2025-04-25",
    "fiscalDateEnding": "2007-06-30"
  },
  {
    "date": "2007-04-19",
    "symbol": "AMD",
    "eps": -0.9,
    "epsEstimated": -0.48,
    "time": "amc",
    "revenue": 1233000000,
    "revenueEstimated": 858283588,
    "updatedFromDate": "2025-04-25",
    "fiscalDateEnding": "2007-03-31"
  },
  {
    "date": "2007-01-23",
    "symbol": "AMD",
    "eps": -0.04,
    "epsEstimated": 0.1,
    "time": "amc",
    "revenue": 5649000000,
    "revenueEstimated": 3829362480,
    "updatedFromDate": "2025-04-25",
    "fiscalDateEnding": "2006-12-31"
  },
  {
    "date": "2006-10-18",
    "symbol": "AMD",
    "eps": 0.27,
    "epsEstimated": 0.24,
    "time": "amc",
    "revenue": 1327622000,
    "revenueEstimated": 1180088888,
    "updatedFromDate": "2025-04-25",
    "fiscalDateEnding": "2006-10-01"
  },
  {
    "date": "2006-07-20",
    "symbol": "AMD",
    "eps": 0.18,
    "epsEstimated": 0.22,
    "time": "amc",
    "revenue": 1216367000,
    "revenueEstimated": 1486711111,
    "updatedFromDate": "2025-04-25",
    "fiscalDateEnding": "2006-07-02"
  },
  {
    "date": "2006-04-12",
    "symbol": "AMD",
    "eps": 0.38,
    "epsEstimated": 0.29,
    "time": "amc",
    "revenue": 1332158000,
    "revenueEstimated": 1016678947,
    "updatedFromDate": "2025-04-25",
    "fiscalDateEnding": "2006-03-26"
  },
  {
    "date": "2006-01-18",
    "symbol": "AMD",
    "eps": 0.45,
    "epsEstimated": 0.26,
    "time": "amc",
    "revenue": 5847577000,
    "revenueEstimated": 1837416200,
    "updatedFromDate": "2025-04-25",
    "fiscalDateEnding": "2005-12-25"
  },
  {
    "date": "2005-10-11",
    "symbol": "AMD",
    "eps": 0.18,
    "epsEstimated": 0.08,
    "time": "amc",
    "revenue": 1522755000,
    "revenueEstimated": 1413348746,
    "updatedFromDate": "2025-04-25",
    "fiscalDateEnding": "2005-09-25"
  },
  {
    "date": "2005-07-13",
    "symbol": "AMD",
    "eps": 0.03,
    "epsEstimated": -0.05,
    "time": "amc",
    "revenue": 1259918000,
    "revenueEstimated": 2099833333,
    "updatedFromDate": "2025-04-25",
    "fiscalDateEnding": "2005-06-26"
  },
  {
    "date": "2005-04-13",
    "symbol": "AMD",
    "eps": -0.04,
    "epsEstimated": -0.01053,
    "time": "amc",
    "revenue": 1226628000,
    "revenueEstimated": 613300000,
    "updatedFromDate": "2025-04-25",
    "fiscalDateEnding": "2005-03-27"
  },
  {
    "date": "2005-01-18",
    "symbol": "AMD",
    "eps": 0.05,
    "epsEstimated": 0.08,
    "time": "amc",
    "revenue": 5001435000,
    "revenueEstimated": 1737587500,
    "updatedFromDate": "2025-04-25",
    "fiscalDateEnding": "2004-12-26"
  },
  {
    "date": "2004-10-07",
    "symbol": "AMD",
    "eps": 0.12,
    "epsEstimated": 0.12,
    "time": "amc",
    "revenue": 1239459000,
    "revenueEstimated": 1239500000,
    "updatedFromDate": "2025-04-25",
    "fiscalDateEnding": "2004-09-26"
  },
  {
    "date": "2004-07-14",
    "symbol": "AMD",
    "eps": 0.09,
    "epsEstimated": 0.09,
    "time": "amc",
    "revenue": 1261837000,
    "revenueEstimated": 1261800000,
    "updatedFromDate": "2025-04-25",
    "fiscalDateEnding": "2004-06-27"
  },
  {
    "date": "2004-04-14",
    "symbol": "AMD",
    "eps": 0.12,
    "epsEstimated": 0.035,
    "time": "amc",
    "revenue": 1236433000,
    "revenueEstimated": 412133333,
    "updatedFromDate": "2025-04-25",
    "fiscalDateEnding": "2004-03-28"
  },
  {
    "date": "2004-01-20",
    "symbol": "AMD",
    "eps": 0.12,
    "epsEstimated": 0.03714,
    "time": "amc",
    "revenue": 3519168000,
    "revenueEstimated": 1205599999,
    "updatedFromDate": "2025-04-25",
    "fiscalDateEnding": "2003-12-28"
  },
  {
    "date": "2003-10-16",
    "symbol": "AMD",
    "eps": -0.09,
    "epsEstimated": -0.36,
    "time": "amc",
    "revenue": 953759000,
    "revenueEstimated": 3815200000,
    "updatedFromDate": "2025-04-25",
    "fiscalDateEnding": "2003-09-28"
  },
  {
    "date": "2003-07-16",
    "symbol": "AMD",
    "eps": -0.4,
    "epsEstimated": -0.53,
    "time": "amc",
    "revenue": 645261000,
    "revenueEstimated": 855022500,
    "updatedFromDate": "2025-04-25",
    "fiscalDateEnding": "2003-06-29"
  },
  {
    "date": "2003-04-16",
    "symbol": "AMD",
    "eps": -0.42,
    "epsEstimated": -0.48,
    "time": "amc",
    "revenue": 714555000,
    "revenueEstimated": 816685714,
    "updatedFromDate": "2025-04-25",
    "fiscalDateEnding": "2003-03-30"
  },
  {
    "date": "2003-01-16",
    "symbol": "AMD",
    "eps": -0.68,
    "epsEstimated": -0.42,
    "time": "amc",
    "revenue": 2697029000,
    "revenueEstimated": 647177141,
    "updatedFromDate": "2025-04-25",
    "fiscalDateEnding": "2002-12-29"
  },
  {
    "date": "2002-10-16",
    "symbol": "AMD",
    "eps": -0.74,
    "epsEstimated": -0.67,
    "time": "amc",
    "revenue": 508227000,
    "revenueEstimated": 460127027,
    "updatedFromDate": "2025-04-25",
    "fiscalDateEnding": "2002-09-29"
  },
  {
    "date": "2002-07-17",
    "symbol": "AMD",
    "eps": -0.54,
    "epsEstimated": -0.45,
    "time": "amc",
    "revenue": 600299000,
    "revenueEstimated": 500249999,
    "updatedFromDate": "2025-04-25",
    "fiscalDateEnding": "2002-06-30"
  },
  {
    "date": "2002-04-17",
    "symbol": "AMD",
    "eps": -0.03,
    "epsEstimated": -0.06,
    "time": "amc",
    "revenue": 902073000,
    "revenueEstimated": 1804200000,
    "updatedFromDate": "2025-04-25",
    "fiscalDateEnding": "2002-03-31"
  },
  {
    "date": "2002-01-16",
    "symbol": "AMD",
    "eps": -0.05,
    "epsEstimated": -0.18,
    "time": "amc",
    "revenue": 3891754000,
    "revenueEstimated": 1475445000,
    "updatedFromDate": "2025-04-25",
    "fiscalDateEnding": "2001-12-30"
  },
  {
    "date": "2001-10-17",
    "symbol": "AMD",
    "eps": -0.28,
    "epsEstimated": -0.28,
    "time": "bmo",
    "revenue": 765870000,
    "revenueEstimated": 765900000,
    "updatedFromDate": "2025-04-25",
    "fiscalDateEnding": "2001-09-30"
  },
  {
    "date": "2001-07-12",
    "symbol": "AMD",
    "eps": 0.05,
    "epsEstimated": 0.03923,
    "time": "bmo",
    "revenue": 985264000,
    "revenueEstimated": 788239999,
    "updatedFromDate": "2025-04-25",
    "fiscalDateEnding": "2001-07-01"
  },
  {
    "date": "2001-04-18",
    "symbol": "AMD",
    "eps": 0.37,
    "epsEstimated": 0.33,
    "time": "bmo",
    "revenue": 1188747000,
    "revenueEstimated": 1060191891,
    "updatedFromDate": "2025-04-25",
    "fiscalDateEnding": "2001-04-01"
  },
  {
    "date": "2001-01-17",
    "symbol": "AMD",
    "eps": 0.53,
    "epsEstimated": 0.55,
    "time": "bmo",
    "revenue": 4644187000,
    "revenueEstimated": 1217905527,
    "updatedFromDate": "2025-04-25",
    "fiscalDateEnding": "2000-12-31"
  },
  {
    "date": "2000-10-11",
    "symbol": "AMD",
    "eps": 0.64,
    "epsEstimated": 0.62,
    "time": "bmo",
    "revenue": 1206549000,
    "revenueEstimated": 1168796875,
    "updatedFromDate": "2025-04-25",
    "fiscalDateEnding": "2000-10-01"
  },
  {
    "date": "2000-07-19",
    "symbol": "AMD",
    "eps": 0.61,
    "epsEstimated": 0.56,
    "time": "bmo",
    "revenue": 1170437000,
    "revenueEstimated": 1074465573,
    "updatedFromDate": "2025-04-25",
    "fiscalDateEnding": "2000-07-02"
  },
  {
    "date": "2000-04-12",
    "symbol": "AMD",
    "eps": 0.57,
    "epsEstimated": 0.26,
    "time": "bmo",
    "revenue": 1092029000,
    "revenueEstimated": 498105263,
    "updatedFromDate": "2025-04-25",
    "fiscalDateEnding": "2000-04-02"
  },
  {
    "date": "2000-01-20",
    "symbol": "AMD",
    "eps": 0.11,
    "epsEstimated": 0.00969,
    "time": "bmo",
    "revenue": 2857604000,
    "revenueEstimated": 11333790000,
    "updatedFromDate": "2025-04-25",
    "fiscalDateEnding": "1999-12-26"
  },
  {
    "date": "1999-10-06",
    "symbol": "AMD",
    "eps": -0.36,
    "epsEstimated": -0.46,
    "time": "bmo",
    "revenue": 662192000,
    "revenueEstimated": 846144444,
    "updatedFromDate": "2025-04-25",
    "fiscalDateEnding": "1999-09-26"
  },
  {
    "date": "1999-07-14",
    "symbol": "AMD",
    "eps": -0.55,
    "epsEstimated": -0.64,
    "time": "bmo",
    "revenue": 595109000,
    "revenueEstimated": 692480000,
    "updatedFromDate": "2025-04-25",
    "fiscalDateEnding": "1999-06-27"
  },
  {
    "date": "1999-04-14",
    "symbol": "AMD",
    "eps": -0.4,
    "epsEstimated": -0.38,
    "time": "bmo",
    "revenue": 631593000,
    "revenueEstimated": 600020000,
    "updatedFromDate": "2025-04-25",
    "fiscalDateEnding": "1999-03-28"
  },
  {
    "date": "1999-01-13",
    "symbol": "AMD",
    "eps": 0.04,
    "epsEstimated": 0.09,
    "time": "bmo",
    "revenue": 2542141000,
    "revenueEstimated": 1104320000,
    "updatedFromDate": "2025-04-25",
    "fiscalDateEnding": "1998-12-27"
  },
  {
    "date": "1998-10-06",
    "symbol": "AMD",
    "eps": 0.0035,
    "epsEstimated": -0.07,
    "time": "bmo",
    "revenue": 685927000,
    "revenueEstimated": 4801300000,
    "updatedFromDate": "2025-04-25",
    "fiscalDateEnding": "1998-09-27"
  },
  {
    "date": "1998-07-08",
    "symbol": "AMD",
    "eps": -0.22,
    "epsEstimated": -0.11,
    "time": "bmo",
    "revenue": 526538000,
    "revenueEstimated": 263250000,
    "updatedFromDate": "2025-04-25",
    "fiscalDateEnding": "1998-06-28"
  },
  {
    "date": "1998-04-07",
    "symbol": "AMD",
    "eps": -0.19,
    "epsEstimated": -0.12,
    "time": "bmo",
    "revenue": 540856000,
    "revenueEstimated": 341621052,
    "updatedFromDate": "2025-04-25",
    "fiscalDateEnding": "1998-03-29"
  },
  {
    "date": "1998-01-13",
    "symbol": "AMD",
    "eps": -0.04,
    "epsEstimated": -0.07,
    "time": "bmo",
    "revenue": 2356375000,
    "revenueEstimated": 788400000,
    "updatedFromDate": "2025-04-25",
    "fiscalDateEnding": "1997-12-28"
  },
  {
    "date": "1997-10-07",
    "symbol": "AMD",
    "eps": -0.11,
    "epsEstimated": -0.05,
    "time": "bmo",
    "revenue": 596644000,
    "revenueEstimated": 442975496,
    "updatedFromDate": "2025-04-25",
    "fiscalDateEnding": "1997-09-28"
  },
  {
    "date": "1997-07-08",
    "symbol": "AMD",
    "eps": 0.04,
    "epsEstimated": 0.1,
    "time": "bmo",
    "revenue": 594561000,
    "revenueEstimated": 1486500000,
    "updatedFromDate": "2025-04-25",
    "fiscalDateEnding": "1997-06-29"
  },
  {
    "date": "1997-04-07",
    "symbol": "AMD",
    "eps": 0.05,
    "epsEstimated": 0.00741,
    "time": "bmo",
    "revenue": 551999000,
    "revenueEstimated": 110399999,
    "updatedFromDate": "2025-04-25",
    "fiscalDateEnding": "1997-03-30"
  },
  {
    "date": "1997-01-13",
    "symbol": "AMD",
    "eps": -0.07,
    "epsEstimated": -0.1,
    "time": "bmo",
    "revenue": 1953019000,
    "revenueEstimated": 645970000,
    "updatedFromDate": "2025-04-25",
    "fiscalDateEnding": "1996-12-29"
  },
  {
    "date": "1996-10-07",
    "symbol": "AMD",
    "eps": -0.12,
    "epsEstimated": -0.18,
    "time": "amc",
    "revenue": 456862000,
    "revenueEstimated": null,
    "updatedFromDate": "2025-04-25",
    "fiscalDateEnding": "1996-09-29"
  },
  {
    "date": "1996-07-10",
    "symbol": "AMD",
    "eps": -0.16,
    "epsEstimated": -0.11,
    "time": "amc",
    "revenue": 455077000,
    "revenueEstimated": null,
    "updatedFromDate": "2025-04-25",
    "fiscalDateEnding": "1996-06-30"
  },
  {
    "date": "1996-04-09",
    "symbol": "AMD",
    "eps": 0.09,
    "epsEstimated": 0.15,
    "time": "amc",
    "revenue": 544212000,
    "revenueEstimated": null,
    "updatedFromDate": "2025-04-25",
    "fiscalDateEnding": "1996-03-31"
  },
  {
    "date": "1996-01-10",
    "symbol": "AMD",
    "eps": 0.26,
    "epsEstimated": 0.22,
    "time": "amc",
    "revenue": 2429724000,
    "revenueEstimated": null,
    "updatedFromDate": "2025-04-25",
    "fiscalDateEnding": "1995-12-31"
  },
  {
    "date": "1995-10-10",
    "symbol": "AMD",
    "eps": 0.26,
    "epsEstimated": 0.35,
    "time": "amc",
    "revenue": 590385000,
    "revenueEstimated": null,
    "updatedFromDate": "2025-04-25",
    "fiscalDateEnding": "1995-10-01"
  },
  {
    "date": "1995-07-10",
    "symbol": "AMD",
    "eps": 0.43,
    "epsEstimated": 0.48,
    "time": "amc",
    "revenue": 626214000,
    "revenueEstimated": null,
    "updatedFromDate": "2025-04-25",
    "fiscalDateEnding": "1995-07-02"
  },
  {
    "date": "1995-04-10",
    "symbol": "AMD",
    "eps": 0.46,
    "epsEstimated": 0.43,
    "time": "amc",
    "revenue": 620096000,
    "revenueEstimated": null,
    "updatedFromDate": "2025-04-25",
    "fiscalDateEnding": "1995-04-02"
  },
  {
    "date": "1995-01-06",
    "symbol": "AMD",
    "eps": 0.37,
    "epsEstimated": 0.37,
    "time": "amc",
    "revenue": 2134700000,
    "revenueEstimated": null,
    "updatedFromDate": "2025-04-25",
    "fiscalDateEnding": "1994-12-25"
  },
  {
    "date": "1994-10-03",
    "symbol": "AMD",
    "eps": 0.42,
    "epsEstimated": 0.4,
    "time": "amc",
    "revenue": 543114000,
    "revenueEstimated": null,
    "updatedFromDate": "2025-04-25",
    "fiscalDateEnding": "1994-09-25"
  },
  {
    "date": "1994-07-01",
    "symbol": "AMD",
    "eps": 0.45,
    "epsEstimated": 0.43,
    "time": "amc",
    "revenue": 533297000,
    "revenueEstimated": null,
    "updatedFromDate": "2025-04-25",
    "fiscalDateEnding": "1994-06-26"
  },
  {
    "date": "1994-04-04",
    "symbol": "AMD",
    "eps": 0.41,
    "epsEstimated": 0.32,
    "time": "amc",
    "revenue": 513080000,
    "revenueEstimated": null,
    "updatedFromDate": "2025-04-25",
    "fiscalDateEnding": "1994-03-27"
  },
  {
    "date": "1994-01-07",
    "symbol": "AMD",
    "eps": 0.21,
    "epsEstimated": 0.31,
    "time": "amc",
    "revenue": 1648280000,
    "revenueEstimated": null,
    "updatedFromDate": "2025-04-25",
    "fiscalDateEnding": "1993-12-26"
  },
  {
    "date": "1993-10-05",
    "symbol": "AMD",
    "eps": 0.31,
    "epsEstimated": 0.34,
    "time": "amc",
    "revenue": 418400000,
    "revenueEstimated": null,
    "updatedFromDate": "2025-04-25",
    "fiscalDateEnding": "1993-09-30"
  },
  {
    "date": "1993-07-06",
    "symbol": "AMD",
    "eps": 0.33,
    "epsEstimated": 0.33,
    "time": "amc",
    "revenue": 409100000,
    "revenueEstimated": null,
    "updatedFromDate": "2025-04-25",
    "fiscalDateEnding": "1993-06-30"
  },
  {
    "date": "1993-04-06",
    "symbol": "AMD",
    "eps": 0.32,
    "epsEstimated": 0.27,
    "time": "amc",
    "revenue": 407400000,
    "revenueEstimated": null,
    "updatedFromDate": "2025-04-25",
    "fiscalDateEnding": "1993-03-31"
  },
  {
    "date": "1993-01-08",
    "symbol": "AMD",
    "eps": 0.37,
    "epsEstimated": 0.31,
    "time": "amc",
    "revenue": 356700000,
    "revenueEstimated": null,
    "updatedFromDate": "2025-04-25",
    "fiscalDateEnding": "1992-09-30"
  },
  {
    "date": "1992-12-31",
    "symbol": "AMD",
    "eps": 0.3264,
    "epsEstimated": null,
    "time": "amc",
    "revenue": 1514500000,
    "revenueEstimated": null,
    "updatedFromDate": "2025-04-25",
    "fiscalDateEnding": "1992-12-31"
  },
  {
    "date": "1992-06-30",
    "symbol": "AMD",
    "eps": 0.2241,
    "epsEstimated": null,
    "time": "amc",
    "revenue": 350200000,
    "revenueEstimated": null,
    "updatedFromDate": "2025-04-25",
    "fiscalDateEnding": "1992-06-30"
  },
  {
    "date": "1992-03-31",
    "symbol": "AMD",
    "eps": 0.4436,
    "epsEstimated": null,
    "time": "amc",
    "revenue": 407400000,
    "revenueEstimated": null,
    "updatedFromDate": "2025-04-25",
    "fiscalDateEnding": "1992-03-31"
  },
  {
    "date": "1991-12-31",
    "symbol": "AMD",
    "eps": 0.2046,
    "epsEstimated": null,
    "time": "amc",
    "revenue": 1226600000,
    "revenueEstimated": null,
    "updatedFromDate": "2025-04-25",
    "fiscalDateEnding": "1991-12-31"
  },
  {
    "date": "1991-09-30",
    "symbol": "AMD",
    "eps": 0.09434,
    "epsEstimated": null,
    "time": "amc",
    "revenue": 289400000,
    "revenueEstimated": null,
    "updatedFromDate": "2025-04-25",
    "fiscalDateEnding": "1991-09-30"
  },
  {
    "date": "1991-06-30",
    "symbol": "AMD",
    "eps": 0.1059,
    "epsEstimated": null,
    "time": "amc",
    "revenue": 296800000,
    "revenueEstimated": null,
    "updatedFromDate": "2025-04-25",
    "fiscalDateEnding": "1991-06-30"
  },
  {
    "date": "1991-03-31",
    "symbol": "AMD",
    "eps": 0.02625,
    "epsEstimated": null,
    "time": "amc",
    "revenue": 274300000,
    "revenueEstimated": null,
    "updatedFromDate": "2025-04-25",
    "fiscalDateEnding": "1991-03-31"
  },
  {
    "date": "1990-12-31",
    "symbol": "AMD",
    "eps": -0.08166,
    "epsEstimated": null,
    "time": "amc",
    "revenue": 1059200000,
    "revenueEstimated": null,
    "updatedFromDate": "2025-04-25",
    "fiscalDateEnding": "1990-12-31"
  },
  {
    "date": "1990-09-30",
    "symbol": "AMD",
    "eps": -0.11343,
    "epsEstimated": null,
    "time": "amc",
    "revenue": 254200000,
    "revenueEstimated": null,
    "updatedFromDate": "2025-04-25",
    "fiscalDateEnding": "1990-09-30"
  },
  {
    "date": "1990-06-30",
    "symbol": "AMD",
    "eps": -0.03471,
    "epsEstimated": null,
    "time": "amc",
    "revenue": 267700000,
    "revenueEstimated": null,
    "updatedFromDate": "2025-04-25",
    "fiscalDateEnding": "1990-06-30"
  },
  {
    "date": "1990-03-31",
    "symbol": "AMD",
    "eps": 0.08733,
    "epsEstimated": null,
    "time": "amc",
    "revenue": 271500000,
    "revenueEstimated": null,
    "updatedFromDate": "2025-04-25",
    "fiscalDateEnding": "1990-03-31"
  },
  {
    "date": "1989-12-31",
    "symbol": "AMD",
    "eps": 0.07102,
    "epsEstimated": null,
    "time": "amc",
    "revenue": 1104600000,
    "revenueEstimated": null,
    "updatedFromDate": "2025-04-25",
    "fiscalDateEnding": "1989-12-31"
  },
  {
    "date": "1989-09-30",
    "symbol": "AMD",
    "eps": 0.07642,
    "epsEstimated": null,
    "time": "amc",
    "revenue": 274800000,
    "revenueEstimated": null,
    "updatedFromDate": "2025-04-25",
    "fiscalDateEnding": "1989-09-30"
  },
  {
    "date": "1989-06-30",
    "symbol": "AMD",
    "eps": 0.06,
    "epsEstimated": null,
    "time": "amc",
    "revenue": 274900000,
    "revenueEstimated": null,
    "updatedFromDate": "2025-04-25",
    "fiscalDateEnding": "1989-06-30"
  },
  {
    "date": "1989-03-31",
    "symbol": "AMD",
    "eps": 0.05,
    "epsEstimated": null,
    "time": "amc",
    "revenue": 269600000,
    "revenueEstimated": null,
    "updatedFromDate": "2025-04-25",
    "fiscalDateEnding": "1989-03-31"
  },
  {
    "date": "1988-12-31",
    "symbol": "AMD",
    "eps": 0.03253,
    "epsEstimated": null,
    "time": "amc",
    "revenue": 1125900000,
    "revenueEstimated": null,
    "updatedFromDate": "2025-04-25",
    "fiscalDateEnding": "1988-12-31"
  },
  {
    "date": "1988-09-30",
    "symbol": "AMD",
    "eps": 0.03,
    "epsEstimated": null,
    "time": "amc",
    "revenue": 285500000,
    "revenueEstimated": null,
    "updatedFromDate": "2025-04-25",
    "fiscalDateEnding": "1988-09-30"
  },
  {
    "date": "1988-06-30",
    "symbol": "AMD",
    "eps": 0.15,
    "epsEstimated": null,
    "time": "amc",
    "revenue": 308100000,
    "revenueEstimated": null,
    "updatedFromDate": "2025-04-25",
    "fiscalDateEnding": "1988-06-30"
  },
  {
    "date": "1988-03-31",
    "symbol": "AMD",
    "eps": 0.11,
    "epsEstimated": null,
    "time": "amc",
    "revenue": 284200000,
    "revenueEstimated": null,
    "updatedFromDate": "2025-04-25",
    "fiscalDateEnding": "1988-03-31"
  },
  {
    "date": "1987-12-31",
    "symbol": "AMD",
    "eps": -0.07744,
    "epsEstimated": null,
    "time": "amc",
    "revenue": 997100000,
    "revenueEstimated": null,
    "updatedFromDate": "2025-04-25",
    "fiscalDateEnding": "1987-12-31"
  },
  {
    "date": "1987-12-31",
    "symbol": "AMD",
    "eps": -0.07744,
    "epsEstimated": null,
    "time": "amc",
    "revenue": 997100000,
    "revenueEstimated": null,
    "updatedFromDate": "2025-04-25",
    "fiscalDateEnding": "1987-03-31"
  },
  {
    "date": "1987-09-30",
    "symbol": "AMD",
    "eps": -0.36,
    "epsEstimated": null,
    "time": "amc",
    "revenue": 260900000,
    "revenueEstimated": null,
    "updatedFromDate": "2025-04-25",
    "fiscalDateEnding": "1987-09-30"
  },
  {
    "date": "1987-06-30",
    "symbol": "AMD",
    "eps": 0.04,
    "epsEstimated": null,
    "time": "amc",
    "revenue": 473600000,
    "revenueEstimated": null,
    "updatedFromDate": "2025-04-25",
    "fiscalDateEnding": "1987-06-30"
  },
  {
    "date": "1986-12-31",
    "symbol": "AMD",
    "eps": -0.16,
    "epsEstimated": null,
    "time": "amc",
    "revenue": 150200000,
    "revenueEstimated": null,
    "updatedFromDate": "2025-04-25",
    "fiscalDateEnding": "1986-12-31"
  },
  {
    "date": "1986-09-30",
    "symbol": "AMD",
    "eps": -0.41,
    "epsEstimated": null,
    "time": "amc",
    "revenue": 157700000,
    "revenueEstimated": null,
    "updatedFromDate": "2025-04-25",
    "fiscalDateEnding": "1986-09-30"
  },
  {
    "date": "1986-06-30",
    "symbol": "AMD",
    "eps": -0.25,
    "epsEstimated": null,
    "time": "amc",
    "revenue": 153900000,
    "revenueEstimated": null,
    "updatedFromDate": "2025-04-25",
    "fiscalDateEnding": "1986-06-30"
  },
  {
    "date": "1986-03-31",
    "symbol": "AMD",
    "eps": -0.21617,
    "epsEstimated": null,
    "time": "amc",
    "revenue": 576100000,
    "revenueEstimated": null,
    "updatedFromDate": "2025-04-25",
    "fiscalDateEnding": "1986-03-31"
  },
  {
    "date": "1985-12-31",
    "symbol": "AMD",
    "eps": -0.1,
    "epsEstimated": null,
    "time": "amc",
    "revenue": 144100000,
    "revenueEstimated": null,
    "updatedFromDate": "2025-04-25",
    "fiscalDateEnding": "1985-12-31"
  },
  {
    "date": "1985-09-30",
    "symbol": "AMD",
    "eps": -0.14,
    "epsEstimated": null,
    "time": "amc",
    "revenue": 128100000,
    "revenueEstimated": null,
    "updatedFromDate": "2025-04-25",
    "fiscalDateEnding": "1985-09-30"
  }
]