[
  {
    "date": "2026-04-21",
    "symbol": "JNJ",
    "eps": null,
    "epsEstimated": 2.68,
    "time": "bmo",
    "revenue": null,
    "revenueEstimated": null,
    "updatedFromDate": "2026-02-07",
    "fiscalDateEnding": "2026-03-28"
  },
  {
    "date": "2026-01-21",
    "symbol": "JNJ",
    "eps": 2.46,
    "epsEstimated": 2.46,
    "time": "bmo",
    "revenue": 24564000000,
    "revenueEstimated": 24147989823,
    "updatedFromDate": "2026-02-07",
    "fiscalDateEnding": "2025-12-28"
  },
  {
    "date": "2025-10-14",
    "symbol": "JNJ",
    "eps": 2.8,
    "epsEstimated": 2.76,
    "time": "bmo",
    "revenue": 23993000000,
    "revenueEstimated": 23755362271,
    "updatedFromDate": "2026-01-13",
    "fiscalDateEnding": "2025-09-28"
  },
  {
    "date": "2025-07-16",
    "symbol": "JNJ",
    "eps": 2.77,
    "epsEstimated": 2.68,
    "time": "bmo",
    "revenue": 23743000000,
    "revenueEstimated": 22853974217,
    "updatedFromDate": "2025-10-14",
    "fiscalDateEnding": "2025-06-29"
  },
  {
    "date": "2025-04-15",
    "symbol": "JNJ",
    "eps": 2.77,
    "epsEstimated": 2.58,
    "time": "bmo",
    "revenue": 21893000000,
    "revenueEstimated": 21558624324,
    "updatedFromDate": "2025-07-14",
    "fiscalDateEnding": "2025-03-30"
  },
  {
    "date": "2025-01-22",
    "symbol": "JNJ",
    "eps": 2.04,
    "epsEstimated": 1.99,
    "time": "bmo",
    "revenue": 22520000000,
    "revenueEstimated": 22431222793,
    "updatedFromDate": "2025-04-24",
    "fiscalDateEnding": "2024-12-29"
  },
  {
    "date": "2024-10-15",
    "symbol": "JNJ",
    "eps": 2.42,
    "epsEstimated": 2.21,
    "time": "bmo",
    "revenue": 22471000000,
    "revenueEstimated": 22171805511,
    "updatedFromDate": "2025-04-24",
    "fiscalDateEnding": "2024-09-29"
  },
  {
    "date": "2024-07-17",
    "symbol": "JNJ",
    "eps": 2.82,
    "epsEstimated": 2.71,
    "time": "bmo",
    "revenue": 22447000000,
    "revenueEstimated": 22330379614,
    "updatedFromDate": "2025-04-24",
    "fiscalDateEnding": "2024-06-30"
  },
  {
    "date": "2024-04-16",
    "symbol": "JNJ",
    "eps": 2.71,
    "epsEstimated": 2.64,
    "time": "bmo",
    "revenue": 21383000000,
    "revenueEstimated": 21400951140,
    "updatedFromDate": "2025-04-24",
    "fiscalDateEnding": "2024-03-31"
  },
  {
    "date": "2024-01-23",
    "symbol": "JNJ",
    "eps": 2.29,
    "epsEstimated": 2.27,
    "time": "bmo",
    "revenue": 21395000000,
    "revenueEstimated": 20990000000,
    "updatedFromDate": "2025-04-24",
    "fiscalDateEnding": "2023-12-31"
  },
  {
    "date": "2023-10-17",
    "symbol": "JNJ",
    "eps": 2.66,
    "epsEstimated": 2.52,
    "time": "bmo",
    "revenue": 21351000000,
    "revenueEstimated": 19829500000,
    "updatedFromDate": "2025-04-24",
    "fiscalDateEnding": "2023-10-01"
  },
  {
    "date": "2023-07-20",
    "symbol": "JNJ",
    "eps": 2.8,
    "epsEstimated": 2.61,
    "time": "bmo",
    "revenue": 21519000000,
    "revenueEstimated": 24625300000,
    "updatedFromDate": "2025-04-24",
    "fiscalDateEnding": "2023-07-02"
  },
  {
    "date": "2023-04-18",
    "symbol": "JNJ",
    "eps": 2.68,
    "epsEstimated": 2.51,
    "time": "bmo",
    "revenue": 20894000000,
    "revenueEstimated": 23687800000,
    "updatedFromDate": "2025-04-24",
    "fiscalDateEnding": "2023-04-02"
  },
  {
    "date": "2023-01-24",
    "symbol": "JNJ",
    "eps": 2.35,
    "epsEstimated": 2.22,
    "time": "bmo",
    "revenue": 23706000000,
    "revenueEstimated": 23879587094,
    "updatedFromDate": "2025-04-24",
    "fiscalDateEnding": "2023-01-01"
  },
  {
    "date": "2022-10-18",
    "symbol": "JNJ",
    "eps": 2.55,
    "epsEstimated": 2.49,
    "time": "bmo",
    "revenue": 19996000000,
    "revenueEstimated": 23357438093,
    "updatedFromDate": "2025-04-24",
    "fiscalDateEnding": "2022-10-02"
  },
  {
    "date": "2022-07-19",
    "symbol": "JNJ",
    "eps": 2.59,
    "epsEstimated": 2.57,
    "time": "bmo",
    "revenue": 24020000000,
    "revenueEstimated": 23771477198,
    "updatedFromDate": "2025-04-24",
    "fiscalDateEnding": "2022-07-03"
  },
  {
    "date": "2022-04-19",
    "symbol": "JNJ",
    "eps": 2.67,
    "epsEstimated": 2.6,
    "time": "bmo",
    "revenue": 23426000000,
    "revenueEstimated": 23624077068,
    "updatedFromDate": "2025-04-24",
    "fiscalDateEnding": "2022-04-03"
  },
  {
    "date": "2022-01-25",
    "symbol": "JNJ",
    "eps": 2.13,
    "epsEstimated": 2.12,
    "time": "bmo",
    "revenue": 24804000000,
    "revenueEstimated": 23805800000,
    "updatedFromDate": "2025-04-24",
    "fiscalDateEnding": "2022-01-02"
  },
  {
    "date": "2021-10-19",
    "symbol": "JNJ",
    "eps": 2.6,
    "epsEstimated": 2.37,
    "time": "bmo",
    "revenue": 23338000000,
    "revenueEstimated": 23703300000,
    "updatedFromDate": "2025-04-24",
    "fiscalDateEnding": "2021-10-03"
  },
  {
    "date": "2021-07-21",
    "symbol": "JNJ",
    "eps": 2.48,
    "epsEstimated": 2.27,
    "time": "bmo",
    "revenue": 23312000000,
    "revenueEstimated": 23808600000,
    "updatedFromDate": "2025-04-24",
    "fiscalDateEnding": "2021-07-04"
  },
  {
    "date": "2021-04-20",
    "symbol": "JNJ",
    "eps": 2.59,
    "epsEstimated": 2.34,
    "time": "bmo",
    "revenue": 22321000000,
    "revenueEstimated": null,
    "updatedFromDate": "2025-04-24",
    "fiscalDateEnding": "2021-04-04"
  },
  {
    "date": "2021-01-26",
    "symbol": "JNJ",
    "eps": 1.86,
    "epsEstimated": 1.81,
    "time": "bmo",
    "revenue": 22475000000,
    "revenueEstimated": null,
    "updatedFromDate": "2025-04-24",
    "fiscalDateEnding": "2021-01-03"
  },
  {
    "date": "2020-10-13",
    "symbol": "JNJ",
    "eps": 2.2,
    "epsEstimated": 1.99,
    "time": "bmo",
    "revenue": 21082000000,
    "revenueEstimated": 18973800000,
    "updatedFromDate": "2025-04-24",
    "fiscalDateEnding": "2020-09-27"
  },
  {
    "date": "2020-07-16",
    "symbol": "JNJ",
    "eps": 1.67,
    "epsEstimated": 1.49,
    "time": "bmo",
    "revenue": 18336000000,
    "revenueEstimated": 16469461077,
    "updatedFromDate": "2025-04-24",
    "fiscalDateEnding": "2020-06-28"
  },
  {
    "date": "2020-04-14",
    "symbol": "JNJ",
    "eps": 2.3,
    "epsEstimated": 2,
    "time": "bmo",
    "revenue": 20691000000,
    "revenueEstimated": 17992173913,
    "updatedFromDate": "2025-04-24",
    "fiscalDateEnding": "2020-03-29"
  },
  {
    "date": "2020-01-22",
    "symbol": "JNJ",
    "eps": 1.88,
    "epsEstimated": 1.87,
    "time": "bmo",
    "revenue": 20747000000,
    "revenueEstimated": 20636643617,
    "updatedFromDate": "2025-04-24",
    "fiscalDateEnding": "2019-12-29"
  },
  {
    "date": "2019-10-15",
    "symbol": "JNJ",
    "eps": 2.12,
    "epsEstimated": 2.01,
    "time": "bmo",
    "revenue": 20729000000,
    "revenueEstimated": 19653438679,
    "updatedFromDate": "2025-04-24",
    "fiscalDateEnding": "2019-09-29"
  },
  {
    "date": "2019-07-16",
    "symbol": "JNJ",
    "eps": 2.58,
    "epsEstimated": 2.46,
    "time": "bmo",
    "revenue": 20562000000,
    "revenueEstimated": 19605627906,
    "updatedFromDate": "2025-04-24",
    "fiscalDateEnding": "2019-06-30"
  },
  {
    "date": "2019-04-16",
    "symbol": "JNJ",
    "eps": 2.1,
    "epsEstimated": 2.03,
    "time": "bmo",
    "revenue": 20021000000,
    "revenueEstimated": 19448971428,
    "updatedFromDate": "2025-04-24",
    "fiscalDateEnding": "2019-03-31"
  },
  {
    "date": "2019-01-22",
    "symbol": "JNJ",
    "eps": 1.97,
    "epsEstimated": 1.95,
    "time": "bmo",
    "revenue": 20394000000,
    "revenueEstimated": 20186954314,
    "updatedFromDate": "2025-04-24",
    "fiscalDateEnding": "2018-12-30"
  },
  {
    "date": "2018-10-16",
    "symbol": "JNJ",
    "eps": 2.05,
    "epsEstimated": 2.03,
    "time": "bmo",
    "revenue": 20348000000,
    "revenueEstimated": 20149482926,
    "updatedFromDate": "2025-04-24",
    "fiscalDateEnding": "2018-09-30"
  },
  {
    "date": "2018-07-17",
    "symbol": "JNJ",
    "eps": 2.1,
    "epsEstimated": 2.06,
    "time": "bmo",
    "revenue": 20830000000,
    "revenueEstimated": 20532428571,
    "updatedFromDate": "2025-04-24",
    "fiscalDateEnding": "2018-07-01"
  },
  {
    "date": "2018-04-17",
    "symbol": "JNJ",
    "eps": 2.06,
    "epsEstimated": 2.02,
    "time": "bmo",
    "revenue": 20009000000,
    "revenueEstimated": 19620475728,
    "updatedFromDate": "2025-04-24",
    "fiscalDateEnding": "2018-04-01"
  },
  {
    "date": "2018-01-23",
    "symbol": "JNJ",
    "eps": 1.74,
    "epsEstimated": 1.72,
    "time": "bmo",
    "revenue": 20195000000,
    "revenueEstimated": 19962873563,
    "updatedFromDate": "2025-04-24",
    "fiscalDateEnding": "2017-12-31"
  },
  {
    "date": "2017-10-17",
    "symbol": "JNJ",
    "eps": 1.9,
    "epsEstimated": 1.8,
    "time": "bmo",
    "revenue": 19650000000,
    "revenueEstimated": 18615789473,
    "updatedFromDate": "2025-04-24",
    "fiscalDateEnding": "2017-10-01"
  },
  {
    "date": "2017-07-18",
    "symbol": "JNJ",
    "eps": 1.83,
    "epsEstimated": 1.8,
    "time": "bmo",
    "revenue": 18839000000,
    "revenueEstimated": 18530163934,
    "updatedFromDate": "2025-04-24",
    "fiscalDateEnding": "2017-07-02"
  },
  {
    "date": "2017-04-18",
    "symbol": "JNJ",
    "eps": 1.83,
    "epsEstimated": 1.77,
    "time": "bmo",
    "revenue": 17766000000,
    "revenueEstimated": 17183508196,
    "updatedFromDate": "2025-04-24",
    "fiscalDateEnding": "2017-04-02"
  },
  {
    "date": "2017-01-24",
    "symbol": "JNJ",
    "eps": 1.58,
    "epsEstimated": 1.56,
    "time": "bmo",
    "revenue": 18106000000,
    "revenueEstimated": 17876810126,
    "updatedFromDate": "2025-04-24",
    "fiscalDateEnding": "2017-01-01"
  },
  {
    "date": "2016-10-18",
    "symbol": "JNJ",
    "eps": 1.68,
    "epsEstimated": 1.66,
    "time": "bmo",
    "revenue": 17820000000,
    "revenueEstimated": 17607857142,
    "updatedFromDate": "2025-04-24",
    "fiscalDateEnding": "2016-10-02"
  },
  {
    "date": "2016-07-19",
    "symbol": "JNJ",
    "eps": 1.74,
    "epsEstimated": 1.68,
    "time": "bmo",
    "revenue": 18482000000,
    "revenueEstimated": 17844689655,
    "updatedFromDate": "2025-04-24",
    "fiscalDateEnding": "2016-07-03"
  },
  {
    "date": "2016-04-19",
    "symbol": "JNJ",
    "eps": 1.68,
    "epsEstimated": 1.65,
    "time": "bmo",
    "revenue": 17482000000,
    "revenueEstimated": 17169821428,
    "updatedFromDate": "2025-04-24",
    "fiscalDateEnding": "2016-04-03"
  },
  {
    "date": "2016-01-26",
    "symbol": "JNJ",
    "eps": 1.44,
    "epsEstimated": 1.42,
    "time": "bmo",
    "revenue": 17811000000,
    "revenueEstimated": 17563625000,
    "updatedFromDate": "2025-04-24",
    "fiscalDateEnding": "2016-01-03"
  },
  {
    "date": "2015-10-13",
    "symbol": "JNJ",
    "eps": 1.49,
    "epsEstimated": 1.45,
    "time": "bmo",
    "revenue": 17102000000,
    "revenueEstimated": 16642885906,
    "updatedFromDate": "2025-04-24",
    "fiscalDateEnding": "2015-09-27"
  },
  {
    "date": "2015-07-14",
    "symbol": "JNJ",
    "eps": 1.71,
    "epsEstimated": 1.67,
    "time": "bmo",
    "revenue": 17787000000,
    "revenueEstimated": 17370929824,
    "updatedFromDate": "2025-04-24",
    "fiscalDateEnding": "2015-06-28"
  },
  {
    "date": "2015-04-14",
    "symbol": "JNJ",
    "eps": 1.56,
    "epsEstimated": 1.54,
    "time": "bmo",
    "revenue": 17374000000,
    "revenueEstimated": 17151256410,
    "updatedFromDate": "2025-04-24",
    "fiscalDateEnding": "2015-03-29"
  },
  {
    "date": "2015-01-20",
    "symbol": "JNJ",
    "eps": 1.27,
    "epsEstimated": 1.25,
    "time": "bmo",
    "revenue": 18254000000,
    "revenueEstimated": 17966535433,
    "updatedFromDate": "2025-04-24",
    "fiscalDateEnding": "2014-12-28"
  },
  {
    "date": "2014-10-14",
    "symbol": "JNJ",
    "eps": 1.5,
    "epsEstimated": 1.45,
    "time": "bmo",
    "revenue": 18467000000,
    "revenueEstimated": 17851433333,
    "updatedFromDate": "2025-04-24",
    "fiscalDateEnding": "2014-09-28"
  },
  {
    "date": "2014-07-15",
    "symbol": "JNJ",
    "eps": 1.66,
    "epsEstimated": 1.55,
    "time": "bmo",
    "revenue": 19495000000,
    "revenueEstimated": 18203162650,
    "updatedFromDate": "2025-04-24",
    "fiscalDateEnding": "2014-06-29"
  },
  {
    "date": "2014-04-15",
    "symbol": "JNJ",
    "eps": 1.54,
    "epsEstimated": 1.48,
    "time": "bmo",
    "revenue": 18115000000,
    "revenueEstimated": 17409220779,
    "updatedFromDate": "2025-04-24",
    "fiscalDateEnding": "2014-03-30"
  },
  {
    "date": "2014-01-21",
    "symbol": "JNJ",
    "eps": 1.24,
    "epsEstimated": 1.2,
    "time": "bmo",
    "revenue": 18355000000,
    "revenueEstimated": 17762903225,
    "updatedFromDate": "2025-04-24",
    "fiscalDateEnding": "2013-12-29"
  },
  {
    "date": "2013-10-15",
    "symbol": "JNJ",
    "eps": 1.36,
    "epsEstimated": 1.32,
    "time": "bmo",
    "revenue": 17575000000,
    "revenueEstimated": 17058088235,
    "updatedFromDate": "2025-04-24",
    "fiscalDateEnding": "2013-09-29"
  },
  {
    "date": "2013-07-16",
    "symbol": "JNJ",
    "eps": 1.48,
    "epsEstimated": 1.39,
    "time": "bmo",
    "revenue": 17877000000,
    "revenueEstimated": 16789885135,
    "updatedFromDate": "2025-04-24",
    "fiscalDateEnding": "2013-06-30"
  },
  {
    "date": "2013-04-16",
    "symbol": "JNJ",
    "eps": 1.44,
    "epsEstimated": 1.4,
    "time": "bmo",
    "revenue": 17505000000,
    "revenueEstimated": 17018750000,
    "updatedFromDate": "2025-04-24",
    "fiscalDateEnding": "2013-03-31"
  },
  {
    "date": "2013-01-22",
    "symbol": "JNJ",
    "eps": 1.19,
    "epsEstimated": 1.17,
    "time": "bmo",
    "revenue": 17558000000,
    "revenueEstimated": 17262907563,
    "updatedFromDate": "2025-04-24",
    "fiscalDateEnding": "2012-12-30"
  },
  {
    "date": "2012-10-16",
    "symbol": "JNJ",
    "eps": 1.25,
    "epsEstimated": 1.21,
    "time": "bmo",
    "revenue": 17052000000,
    "revenueEstimated": 16506336000,
    "updatedFromDate": "2025-04-24",
    "fiscalDateEnding": "2012-09-30"
  },
  {
    "date": "2012-07-17",
    "symbol": "JNJ",
    "eps": 1.3,
    "epsEstimated": 1.29,
    "time": "bmo",
    "revenue": 16475000000,
    "revenueEstimated": 16348269230,
    "updatedFromDate": "2025-04-24",
    "fiscalDateEnding": "2012-07-01"
  },
  {
    "date": "2012-04-17",
    "symbol": "JNJ",
    "eps": 1.37,
    "epsEstimated": 1.35,
    "time": "bmo",
    "revenue": 16139000000,
    "revenueEstimated": 15903394160,
    "updatedFromDate": "2025-04-24",
    "fiscalDateEnding": "2012-04-01"
  },
  {
    "date": "2012-01-24",
    "symbol": "JNJ",
    "eps": 1.13,
    "epsEstimated": 1.09,
    "time": "bmo",
    "revenue": 16255000000,
    "revenueEstimated": 15679601769,
    "updatedFromDate": "2025-04-24",
    "fiscalDateEnding": "2012-01-01"
  },
  {
    "date": "2011-10-18",
    "symbol": "JNJ",
    "eps": 1.24,
    "epsEstimated": 1.21,
    "time": "bmo",
    "revenue": 16005000000,
    "revenueEstimated": 15617782258,
    "updatedFromDate": "2025-04-24",
    "fiscalDateEnding": "2011-10-02"
  },
  {
    "date": "2011-07-19",
    "symbol": "JNJ",
    "eps": 1.28,
    "epsEstimated": 1.24,
    "time": "bmo",
    "revenue": 16597000000,
    "revenueEstimated": 16078343750,
    "updatedFromDate": "2025-04-24",
    "fiscalDateEnding": "2011-07-03"
  },
  {
    "date": "2011-04-19",
    "symbol": "JNJ",
    "eps": 1.35,
    "epsEstimated": 1.26,
    "time": "bmo",
    "revenue": 16173000000,
    "revenueEstimated": 15094799999,
    "updatedFromDate": "2025-04-24",
    "fiscalDateEnding": "2011-04-03"
  },
  {
    "date": "2011-01-25",
    "symbol": "JNJ",
    "eps": 1.03,
    "epsEstimated": 1.03,
    "time": "bmo",
    "revenue": 15644000000,
    "revenueEstimated": 15644000000,
    "updatedFromDate": "2025-04-24",
    "fiscalDateEnding": "2011-01-02"
  },
  {
    "date": "2010-10-19",
    "symbol": "JNJ",
    "eps": 1.23,
    "epsEstimated": 1.15,
    "time": "bmo",
    "revenue": 14982000000,
    "revenueEstimated": 14007560975,
    "updatedFromDate": "2025-04-24",
    "fiscalDateEnding": "2010-10-03"
  },
  {
    "date": "2010-07-20",
    "symbol": "JNJ",
    "eps": 1.21,
    "epsEstimated": 1.21,
    "time": "bmo",
    "revenue": 15330000000,
    "revenueEstimated": 15330000000,
    "updatedFromDate": "2025-04-24",
    "fiscalDateEnding": "2010-07-04"
  },
  {
    "date": "2010-04-20",
    "symbol": "JNJ",
    "eps": 1.29,
    "epsEstimated": 1.27,
    "time": "bmo",
    "revenue": 15631000000,
    "revenueEstimated": 15388658914,
    "updatedFromDate": "2025-04-24",
    "fiscalDateEnding": "2010-04-04"
  },
  {
    "date": "2010-01-26",
    "symbol": "JNJ",
    "eps": 1.02,
    "epsEstimated": 0.97,
    "time": "bmo",
    "revenue": 16551000000,
    "revenueEstimated": null,
    "updatedFromDate": "2025-04-24",
    "fiscalDateEnding": "2010-01-03"
  },
  {
    "date": "2009-10-13",
    "symbol": "JNJ",
    "eps": 1.2,
    "epsEstimated": 1.13,
    "time": "bmo",
    "revenue": 15081000000,
    "revenueEstimated": 14201275000,
    "updatedFromDate": "2025-04-24",
    "fiscalDateEnding": "2009-09-27"
  },
  {
    "date": "2009-07-14",
    "symbol": "JNJ",
    "eps": 1.15,
    "epsEstimated": 1.12,
    "time": "bmo",
    "revenue": 15239000000,
    "revenueEstimated": 14841460869,
    "updatedFromDate": "2025-04-24",
    "fiscalDateEnding": "2009-06-28"
  },
  {
    "date": "2009-04-14",
    "symbol": "JNJ",
    "eps": 1.26,
    "epsEstimated": 1.22,
    "time": "bmo",
    "revenue": 15026000000,
    "revenueEstimated": 14548984126,
    "updatedFromDate": "2025-04-24",
    "fiscalDateEnding": "2009-03-29"
  },
  {
    "date": "2009-01-20",
    "symbol": "JNJ",
    "eps": 0.94,
    "epsEstimated": 0.92,
    "time": "bmo",
    "revenue": 15182000000,
    "revenueEstimated": 14858978723,
    "updatedFromDate": "2025-04-24",
    "fiscalDateEnding": "2008-12-28"
  },
  {
    "date": "2008-10-14",
    "symbol": "JNJ",
    "eps": 1.17,
    "epsEstimated": 1.11,
    "time": "bmo",
    "revenue": 15921000000,
    "revenueEstimated": 15104538461,
    "updatedFromDate": "2025-04-24",
    "fiscalDateEnding": "2008-09-28"
  },
  {
    "date": "2008-07-15",
    "symbol": "JNJ",
    "eps": 1.18,
    "epsEstimated": 1.12,
    "time": "bmo",
    "revenue": 16450000000,
    "revenueEstimated": 15613559322,
    "updatedFromDate": "2025-04-24",
    "fiscalDateEnding": "2008-06-29"
  },
  {
    "date": "2008-04-15",
    "symbol": "JNJ",
    "eps": 1.26,
    "epsEstimated": 1.2,
    "time": "bmo",
    "revenue": 16194000000,
    "revenueEstimated": 15422857142,
    "updatedFromDate": "2025-04-24",
    "fiscalDateEnding": "2008-03-30"
  },
  {
    "date": "2008-01-22",
    "symbol": "JNJ",
    "eps": 0.88,
    "epsEstimated": 0.86,
    "time": "bmo",
    "revenue": 15957000000,
    "revenueEstimated": 15594340909,
    "updatedFromDate": "2025-04-24",
    "fiscalDateEnding": "2007-12-30"
  },
  {
    "date": "2007-10-16",
    "symbol": "JNJ",
    "eps": 1.06,
    "epsEstimated": 0.99,
    "time": "bmo",
    "revenue": 14970000000,
    "revenueEstimated": 13981415094,
    "updatedFromDate": "2025-04-24",
    "fiscalDateEnding": "2007-09-30"
  },
  {
    "date": "2007-07-17",
    "symbol": "JNJ",
    "eps": 1.05,
    "epsEstimated": 1,
    "time": "bmo",
    "revenue": 15131000000,
    "revenueEstimated": 14410476190,
    "updatedFromDate": "2025-04-24",
    "fiscalDateEnding": "2007-07-01"
  },
  {
    "date": "2007-04-17",
    "symbol": "JNJ",
    "eps": 1.16,
    "epsEstimated": 1.05,
    "time": "bmo",
    "revenue": 15037000000,
    "revenueEstimated": 13611077586,
    "updatedFromDate": "2025-04-24",
    "fiscalDateEnding": "2007-04-01"
  },
  {
    "date": "2007-01-23",
    "symbol": "JNJ",
    "eps": 0.81,
    "epsEstimated": 0.79,
    "time": "bmo",
    "revenue": 13682000000,
    "revenueEstimated": 13344172839,
    "updatedFromDate": "2025-04-24",
    "fiscalDateEnding": "2006-12-31"
  },
  {
    "date": "2006-10-17",
    "symbol": "JNJ",
    "eps": 0.98,
    "epsEstimated": 0.93,
    "time": "bmo",
    "revenue": 13287000000,
    "revenueEstimated": null,
    "updatedFromDate": "2025-04-24",
    "fiscalDateEnding": "2006-10-01"
  },
  {
    "date": "2006-07-18",
    "symbol": "JNJ",
    "eps": 0.98,
    "epsEstimated": 0.97,
    "time": "bmo",
    "revenue": 13363000000,
    "revenueEstimated": null,
    "updatedFromDate": "2025-04-24",
    "fiscalDateEnding": "2006-07-02"
  },
  {
    "date": "2006-04-18",
    "symbol": "JNJ",
    "eps": 0.99,
    "epsEstimated": 0.98,
    "time": "bmo",
    "revenue": 12992000000,
    "revenueEstimated": null,
    "updatedFromDate": "2025-04-24",
    "fiscalDateEnding": "2006-04-02"
  },
  {
    "date": "2006-01-24",
    "symbol": "JNJ",
    "eps": 0.73,
    "epsEstimated": 0.73,
    "time": "bmo",
    "revenue": 12610000000,
    "revenueEstimated": null,
    "updatedFromDate": "2025-04-24",
    "fiscalDateEnding": "2006-01-01"
  },
  {
    "date": "2005-10-18",
    "symbol": "JNJ",
    "eps": 0.87,
    "epsEstimated": 0.86,
    "time": "bmo",
    "revenue": 12310000000,
    "revenueEstimated": null,
    "updatedFromDate": "2025-04-24",
    "fiscalDateEnding": "2005-10-02"
  },
  {
    "date": "2005-07-19",
    "symbol": "JNJ",
    "eps": 0.93,
    "epsEstimated": 0.91,
    "time": "bmo",
    "revenue": 12762000000,
    "revenueEstimated": null,
    "updatedFromDate": "2025-04-24",
    "fiscalDateEnding": "2005-07-03"
  },
  {
    "date": "2005-04-19",
    "symbol": "JNJ",
    "eps": 0.97,
    "epsEstimated": 0.92,
    "time": "bmo",
    "revenue": 12832000000,
    "revenueEstimated": 12170556701,
    "updatedFromDate": "2025-04-24",
    "fiscalDateEnding": "2005-04-03"
  },
  {
    "date": "2005-01-25",
    "symbol": "JNJ",
    "eps": 0.67,
    "epsEstimated": 0.64,
    "time": "bmo",
    "revenue": 12752000000,
    "revenueEstimated": null,
    "updatedFromDate": "2025-04-24",
    "fiscalDateEnding": "2005-01-02"
  },
  {
    "date": "2004-10-12",
    "symbol": "JNJ",
    "eps": 0.78,
    "epsEstimated": 0.76,
    "time": "bmo",
    "revenue": 11553000000,
    "revenueEstimated": 11248973684,
    "updatedFromDate": "2025-04-24",
    "fiscalDateEnding": "2004-09-26"
  },
  {
    "date": "2004-07-13",
    "symbol": "JNJ",
    "eps": 0.82,
    "epsEstimated": 0.79,
    "time": "bmo",
    "revenue": 11484000000,
    "revenueEstimated": 11047898734,
    "updatedFromDate": "2025-04-24",
    "fiscalDateEnding": "2004-06-27"
  },
  {
    "date": "2004-04-13",
    "symbol": "JNJ",
    "eps": 0.83,
    "epsEstimated": 0.8,
    "time": "bmo",
    "revenue": 11559000000,
    "revenueEstimated": 11125537500,
    "updatedFromDate": "2025-04-24",
    "fiscalDateEnding": "2004-03-28"
  },
  {
    "date": "2004-01-20",
    "symbol": "JNJ",
    "eps": 0.57,
    "epsEstimated": 0.56,
    "time": "bmo",
    "revenue": 11254000000,
    "revenueEstimated": 11053035714,
    "updatedFromDate": "2025-04-24",
    "fiscalDateEnding": "2003-12-28"
  },
  {
    "date": "2003-10-14",
    "symbol": "JNJ",
    "eps": 0.69,
    "epsEstimated": 0.68,
    "time": "bmo",
    "revenue": 10455000000,
    "revenueEstimated": 10301250000,
    "updatedFromDate": "2025-04-24",
    "fiscalDateEnding": "2003-09-28"
  },
  {
    "date": "2003-07-15",
    "symbol": "JNJ",
    "eps": 0.7,
    "epsEstimated": 0.69,
    "time": "bmo",
    "revenue": 10332000000,
    "revenueEstimated": 10182260869,
    "updatedFromDate": "2025-04-24",
    "fiscalDateEnding": "2003-06-29"
  },
  {
    "date": "2003-04-15",
    "symbol": "JNJ",
    "eps": 0.69,
    "epsEstimated": 0.68,
    "time": "bmo",
    "revenue": 9821000000,
    "revenueEstimated": 9676573529,
    "updatedFromDate": "2025-04-24",
    "fiscalDateEnding": "2003-03-30"
  },
  {
    "date": "2003-01-21",
    "symbol": "JNJ",
    "eps": 0.46,
    "epsEstimated": 0.47,
    "time": "bmo",
    "revenue": 9403000000,
    "revenueEstimated": 9603063829,
    "updatedFromDate": "2025-04-24",
    "fiscalDateEnding": "2002-12-29"
  },
  {
    "date": "2002-10-15",
    "symbol": "JNJ",
    "eps": 0.57,
    "epsEstimated": 0.59,
    "time": "bmo",
    "revenue": 9079000000,
    "revenueEstimated": 9397561403,
    "updatedFromDate": "2025-04-24",
    "fiscalDateEnding": "2002-09-29"
  },
  {
    "date": "2002-07-16",
    "symbol": "JNJ",
    "eps": 0.6,
    "epsEstimated": 0.58,
    "time": "bmo",
    "revenue": 9073000000,
    "revenueEstimated": 8770566666,
    "updatedFromDate": "2025-04-24",
    "fiscalDateEnding": "2002-04-30"
  },
  {
    "date": "2002-04-16",
    "symbol": "JNJ",
    "eps": 0.59,
    "epsEstimated": 0.58,
    "time": "bmo",
    "revenue": 8743000000,
    "revenueEstimated": 8594813559,
    "updatedFromDate": "2025-04-24",
    "fiscalDateEnding": "2002-03-31"
  },
  {
    "date": "2002-01-22",
    "symbol": "JNJ",
    "eps": 0.39,
    "epsEstimated": 0.39,
    "time": "bmo",
    "revenue": 8403000000,
    "revenueEstimated": 8403000000,
    "updatedFromDate": "2025-04-24",
    "fiscalDateEnding": "2001-12-30"
  },
  {
    "date": "2001-10-16",
    "symbol": "JNJ",
    "eps": 0.5,
    "epsEstimated": 0.48,
    "time": "bmo",
    "revenue": 8058000000,
    "revenueEstimated": 7735680000,
    "updatedFromDate": "2025-04-24",
    "fiscalDateEnding": "2001-09-30"
  },
  {
    "date": "2001-07-17",
    "symbol": "JNJ",
    "eps": 0.51,
    "epsEstimated": 0.53,
    "time": "bmo",
    "revenue": 8179000000,
    "revenueEstimated": 8499745098,
    "updatedFromDate": "2025-04-24",
    "fiscalDateEnding": "2001-07-01"
  },
  {
    "date": "2001-04-17",
    "symbol": "JNJ",
    "eps": 0.5,
    "epsEstimated": 0.52,
    "time": "bmo",
    "revenue": 7855000000,
    "revenueEstimated": 8169200000,
    "updatedFromDate": "2025-04-24",
    "fiscalDateEnding": "2001-04-01"
  },
  {
    "date": "2001-01-23",
    "symbol": "JNJ",
    "eps": 0.33,
    "epsEstimated": 0.32,
    "time": "bmo",
    "revenue": 7108000000,
    "revenueEstimated": 6885875000,
    "updatedFromDate": "2025-04-24",
    "fiscalDateEnding": "2000-12-31"
  },
  {
    "date": "2000-10-17",
    "symbol": "JNJ",
    "eps": 0.45,
    "epsEstimated": 0.44,
    "time": "bmo",
    "revenue": 7438000000,
    "revenueEstimated": 7272711111,
    "updatedFromDate": "2025-04-24",
    "fiscalDateEnding": "2000-10-01"
  },
  {
    "date": "2000-07-18",
    "symbol": "JNJ",
    "eps": 0.47,
    "epsEstimated": 0.46,
    "time": "bmo",
    "revenue": 7670000000,
    "revenueEstimated": 7506808510,
    "updatedFromDate": "2025-04-24",
    "fiscalDateEnding": "2000-06-02"
  },
  {
    "date": "2000-04-18",
    "symbol": "JNJ",
    "eps": 0.47,
    "epsEstimated": 0.45,
    "time": "bmo",
    "revenue": 7319000000,
    "revenueEstimated": 7123404255,
    "updatedFromDate": "2025-04-24",
    "fiscalDateEnding": "2000-04-02"
  },
  {
    "date": "2000-01-25",
    "symbol": "JNJ",
    "eps": 0.28,
    "epsEstimated": 0.28,
    "time": "bmo",
    "revenue": 7230000000,
    "revenueEstimated": null,
    "updatedFromDate": "2025-04-24",
    "fiscalDateEnding": "2000-01-02"
  },
  {
    "date": "1999-10-19",
    "symbol": "JNJ",
    "eps": 0.4,
    "epsEstimated": 0.39,
    "time": "bmo",
    "revenue": 6884000000,
    "revenueEstimated": 6928350000,
    "updatedFromDate": "2025-04-24",
    "fiscalDateEnding": "1999-10-03"
  },
  {
    "date": "1999-07-20",
    "symbol": "JNJ",
    "eps": 0.42,
    "epsEstimated": 0.41,
    "time": "bmo",
    "revenue": 6971000000,
    "revenueEstimated": 6995380952,
    "updatedFromDate": "2025-04-24",
    "fiscalDateEnding": "1999-07-04"
  },
  {
    "date": "1999-04-20",
    "symbol": "JNJ",
    "eps": 0.41,
    "epsEstimated": 0.4,
    "time": "bmo",
    "revenue": 6739000000,
    "revenueEstimated": 6756097560,
    "updatedFromDate": "2025-04-24",
    "fiscalDateEnding": "1999-04-04"
  },
  {
    "date": "1999-01-26",
    "symbol": "JNJ",
    "eps": 0.25,
    "epsEstimated": 0.25,
    "time": "bmo",
    "revenue": 6367000000,
    "revenueEstimated": null,
    "updatedFromDate": "2025-04-24",
    "fiscalDateEnding": "1999-01-03"
  },
  {
    "date": "1998-10-13",
    "symbol": "JNJ",
    "eps": 0.35,
    "epsEstimated": 0.35,
    "time": "bmo",
    "revenue": 5724000000,
    "revenueEstimated": 5897000000,
    "updatedFromDate": "2025-04-24",
    "fiscalDateEnding": "1998-09-27"
  },
  {
    "date": "1998-07-14",
    "symbol": "JNJ",
    "eps": 0.38,
    "epsEstimated": 0.37,
    "time": "bmo",
    "revenue": 5783000000,
    "revenueEstimated": 5784657894,
    "updatedFromDate": "2025-04-24",
    "fiscalDateEnding": "1998-06-28"
  },
  {
    "date": "1998-04-14",
    "symbol": "JNJ",
    "eps": 0.37,
    "epsEstimated": 0.37,
    "time": "bmo",
    "revenue": 5783000000,
    "revenueEstimated": 5927000000,
    "updatedFromDate": "2025-04-24",
    "fiscalDateEnding": "1998-03-29"
  },
  {
    "date": "1998-01-20",
    "symbol": "JNJ",
    "eps": 0.24,
    "epsEstimated": 0.23,
    "time": "bmo",
    "revenue": 5630000000,
    "revenueEstimated": 5736260869,
    "updatedFromDate": "2025-04-24",
    "fiscalDateEnding": "1997-12-28"
  },
  {
    "date": "1997-10-14",
    "symbol": "JNJ",
    "eps": 0.32,
    "epsEstimated": 0.32,
    "time": "bmo",
    "revenue": 5586000000,
    "revenueEstimated": 5701000000,
    "updatedFromDate": "2025-04-24",
    "fiscalDateEnding": "1997-09-28"
  },
  {
    "date": "1997-07-15",
    "symbol": "JNJ",
    "eps": 0.34,
    "epsEstimated": 0.34,
    "time": "bmo",
    "revenue": 5698000000,
    "revenueEstimated": 5816000000,
    "updatedFromDate": "2025-04-24",
    "fiscalDateEnding": "1997-06-29"
  },
  {
    "date": "1997-04-15",
    "symbol": "JNJ",
    "eps": 0.34,
    "epsEstimated": 0.34,
    "time": "bmo",
    "revenue": 5715000000,
    "revenueEstimated": 5820000000,
    "updatedFromDate": "2025-04-24",
    "fiscalDateEnding": "1997-03-30"
  },
  {
    "date": "1997-01-21",
    "symbol": "JNJ",
    "eps": 0.21,
    "epsEstimated": 0.21,
    "time": "bmo",
    "revenue": 5502000000,
    "revenueEstimated": 5610000000,
    "updatedFromDate": "2025-04-24",
    "fiscalDateEnding": "1996-12-31"
  },
  {
    "date": "1996-10-16",
    "symbol": "JNJ",
    "eps": 0.28,
    "epsEstimated": 0.28,
    "time": "bmo",
    "revenue": 5402000000,
    "revenueEstimated": null,
    "updatedFromDate": "2025-04-24",
    "fiscalDateEnding": "1996-09-29"
  },
  {
    "date": "1996-07-16",
    "symbol": "JNJ",
    "eps": 0.3,
    "epsEstimated": 0.29,
    "time": "bmo",
    "revenue": 5382000000,
    "revenueEstimated": null,
    "updatedFromDate": "2025-04-24",
    "fiscalDateEnding": "1996-06-30"
  },
  {
    "date": "1996-04-16",
    "symbol": "JNJ",
    "eps": 0.3,
    "epsEstimated": 0.29,
    "time": "bmo",
    "revenue": 5334000000,
    "revenueEstimated": null,
    "updatedFromDate": "2025-04-24",
    "fiscalDateEnding": "1996-03-31"
  },
  {
    "date": "1996-01-24",
    "symbol": "JNJ",
    "eps": 0.18,
    "epsEstimated": 0.17,
    "time": "bmo",
    "revenue": 4846000000,
    "revenueEstimated": null,
    "updatedFromDate": "2025-04-24",
    "fiscalDateEnding": "1995-12-31"
  },
  {
    "date": "1995-10-18",
    "symbol": "JNJ",
    "eps": 0.24,
    "epsEstimated": 0.24,
    "time": "bmo",
    "revenue": 4738000000,
    "revenueEstimated": null,
    "updatedFromDate": "2025-04-24",
    "fiscalDateEnding": "1995-10-01"
  },
  {
    "date": "1995-07-18",
    "symbol": "JNJ",
    "eps": 0.26,
    "epsEstimated": 0.25,
    "time": "bmo",
    "revenue": 4762000000,
    "revenueEstimated": null,
    "updatedFromDate": "2025-04-24",
    "fiscalDateEnding": "1995-07-02"
  },
  {
    "date": "1995-04-18",
    "symbol": "JNJ",
    "eps": 0.26,
    "epsEstimated": 0.24,
    "time": "bmo",
    "revenue": 4496000000,
    "revenueEstimated": null,
    "updatedFromDate": "2025-04-24",
    "fiscalDateEnding": "1995-04-02"
  },
  {
    "date": "1995-01-24",
    "symbol": "JNJ",
    "eps": 0.15,
    "epsEstimated": 0.15,
    "time": "bmo",
    "revenue": 4090000000,
    "revenueEstimated": null,
    "updatedFromDate": "2025-04-24",
    "fiscalDateEnding": "1995-01-01"
  },
  {
    "date": "1994-10-19",
    "symbol": "JNJ",
    "eps": 0.21,
    "epsEstimated": 0.2,
    "time": "bmo",
    "revenue": 4038000000,
    "revenueEstimated": null,
    "updatedFromDate": "2025-04-24",
    "fiscalDateEnding": "1994-10-02"
  },
  {
    "date": "1994-07-20",
    "symbol": "JNJ",
    "eps": 0.22,
    "epsEstimated": 0.21,
    "time": "bmo",
    "revenue": 3916000000,
    "revenueEstimated": null,
    "updatedFromDate": "2025-04-24",
    "fiscalDateEnding": "1994-07-03"
  },
  {
    "date": "1994-04-28",
    "symbol": "JNJ",
    "eps": 0.21,
    "epsEstimated": 0.21,
    "time": "bmo",
    "revenue": 3690000000,
    "revenueEstimated": null,
    "updatedFromDate": "2025-04-24",
    "fiscalDateEnding": "1994-03-30"
  },
  {
    "date": "1994-02-01",
    "symbol": "JNJ",
    "eps": 0.13,
    "epsEstimated": 0.13,
    "time": "bmo",
    "revenue": 3531000000,
    "revenueEstimated": null,
    "updatedFromDate": "2025-04-24",
    "fiscalDateEnding": "1994-01-02"
  },
  {
    "date": "1993-10-20",
    "symbol": "JNJ",
    "eps": 0.18,
    "epsEstimated": 0.17,
    "time": "bmo",
    "revenue": 3506000000,
    "revenueEstimated": null,
    "updatedFromDate": "2025-04-24",
    "fiscalDateEnding": "1993-09-30"
  },
  {
    "date": "1993-07-22",
    "symbol": "JNJ",
    "eps": 0.19,
    "epsEstimated": 0.19,
    "time": "bmo",
    "revenue": 3541000000,
    "revenueEstimated": null,
    "updatedFromDate": "2025-04-24",
    "fiscalDateEnding": "1993-06-30"
  },
  {
    "date": "1993-04-29",
    "symbol": "JNJ",
    "eps": 0.19,
    "epsEstimated": 0.19,
    "time": "bmo",
    "revenue": 3560000000,
    "revenueEstimated": null,
    "updatedFromDate": "2025-04-24",
    "fiscalDateEnding": "1993-03-31"
  },
  {
    "date": "1993-02-02",
    "symbol": "JNJ",
    "eps": 0.12,
    "epsEstimated": 0.12,
    "time": "bmo",
    "revenue": 3480000000,
    "revenueEstimated": null,
    "updatedFromDate": "2025-04-24",
    "fiscalDateEnding": "1992-09-30"
  },
  {
    "date": "1992-12-30",
    "symbol": "JNJ",
    "eps": -0.12295,
    "epsEstimated": null,
    "time": "bmo",
    "revenue": 3503000000,
    "revenueEstimated": null,
    "updatedFromDate": "2025-04-24",
    "fiscalDateEnding": "1992-12-31"
  },
  {
    "date": "1992-06-29",
    "symbol": "JNJ",
    "eps": 0.175,
    "epsEstimated": null,
    "time": "bmo",
    "revenue": 3413000000,
    "revenueEstimated": null,
    "updatedFromDate": "2025-04-24",
    "fiscalDateEnding": "1992-06-30"
  },
  {
    "date": "1992-03-30",
    "symbol": "JNJ",
    "eps": 0.175,
    "epsEstimated": null,
    "time": "bmo",
    "revenue": 3357000000,
    "revenueEstimated": null,
    "updatedFromDate": "2025-04-24",
    "fiscalDateEnding": "1992-03-31"
  },
  {
    "date": "1991-12-30",
    "symbol": "JNJ",
    "eps": 0.09716,
    "epsEstimated": null,
    "time": "bmo",
    "revenue": 3148000000,
    "revenueEstimated": null,
    "updatedFromDate": "2025-04-24",
    "fiscalDateEnding": "1991-12-31"
  },
  {
    "date": "1991-09-29",
    "symbol": "JNJ",
    "eps": 0.14,
    "epsEstimated": null,
    "time": "bmo",
    "revenue": 3119000000,
    "revenueEstimated": null,
    "updatedFromDate": "2025-04-24",
    "fiscalDateEnding": "1991-09-30"
  },
  {
    "date": "1991-06-29",
    "symbol": "JNJ",
    "eps": 0.155,
    "epsEstimated": null,
    "time": "bmo",
    "revenue": 3031000000,
    "revenueEstimated": null,
    "updatedFromDate": "2025-04-24",
    "fiscalDateEnding": "1991-06-30"
  },
  {
    "date": "1991-03-30",
    "symbol": "JNJ",
    "eps": 0.16,
    "epsEstimated": null,
    "time": "bmo",
    "revenue": 3149000000,
    "revenueEstimated": null,
    "updatedFromDate": "2025-04-24",
    "fiscalDateEnding": "1991-03-31"
  },
  {
    "date": "1990-12-30",
    "symbol": "JNJ",
    "eps": 0.08181,
    "epsEstimated": null,
    "time": "bmo",
    "revenue": 2700000000,
    "revenueEstimated": null,
    "updatedFromDate": "2025-04-24",
    "fiscalDateEnding": "1990-12-31"
  },
  {
    "date": "1990-09-29",
    "symbol": "JNJ",
    "eps": 0.12,
    "epsEstimated": null,
    "time": "bmo",
    "revenue": 2869000000,
    "revenueEstimated": null,
    "updatedFromDate": "2025-04-24",
    "fiscalDateEnding": "1990-09-30"
  },
  {
    "date": "1990-06-29",
    "symbol": "JNJ",
    "eps": 0.135,
    "epsEstimated": null,
    "time": "bmo",
    "revenue": 2825000000,
    "revenueEstimated": null,
    "updatedFromDate": "2025-04-24",
    "fiscalDateEnding": "1990-06-30"
  },
  {
    "date": "1990-03-30",
    "symbol": "JNJ",
    "eps": 0.095,
    "epsEstimated": null,
    "time": "bmo",
    "revenue": 2838000000,
    "revenueEstimated": null,
    "updatedFromDate": "2025-04-24",
    "fiscalDateEnding": "1990-03-31"
  },
  {
    "date": "1989-12-30",
    "symbol": "JNJ",
    "eps": 0.07175,
    "epsEstimated": null,
    "time": "bmo",
    "revenue": 2471000000,
    "revenueEstimated": null,
    "updatedFromDate": "2025-04-24",
    "fiscalDateEnding": "1989-12-31"
  },
  {
    "date": "1989-09-29",
    "symbol": "JNJ",
    "eps": 0.1,
    "epsEstimated": null,
    "time": "bmo",
    "revenue": 2451000000,
    "revenueEstimated": null,
    "updatedFromDate": "2025-04-24",
    "fiscalDateEnding": "1989-09-30"
  },
  {
    "date": "1989-06-29",
    "symbol": "JNJ",
    "eps": 0.12,
    "epsEstimated": null,
    "time": "bmo",
    "revenue": 2390000000,
    "revenueEstimated": null,
    "updatedFromDate": "2025-04-24",
    "fiscalDateEnding": "1989-06-30"
  },
  {
    "date": "1989-03-30",
    "symbol": "JNJ",
    "eps": 0.12,
    "epsEstimated": null,
    "time": "bmo",
    "revenue": 2445000000,
    "revenueEstimated": null,
    "updatedFromDate": "2025-04-24",
    "fiscalDateEnding": "1989-03-31"
  },
  {
    "date": "1988-12-30",
    "symbol": "JNJ",
    "eps": 0.065,
    "epsEstimated": null,
    "time": "bmo",
    "revenue": 2200000000,
    "revenueEstimated": null,
    "updatedFromDate": "2025-04-24",
    "fiscalDateEnding": "1988-12-31"
  },
  {
    "date": "1988-09-29",
    "symbol": "JNJ",
    "eps": 0.09,
    "epsEstimated": null,
    "time": "bmo",
    "revenue": 2199000000,
    "revenueEstimated": null,
    "updatedFromDate": "2025-04-24",
    "fiscalDateEnding": "1988-09-30"
  },
  {
    "date": "1988-06-29",
    "symbol": "JNJ",
    "eps": 0.1,
    "epsEstimated": null,
    "time": "bmo",
    "revenue": 2290000000,
    "revenueEstimated": null,
    "updatedFromDate": "2025-04-24",
    "fiscalDateEnding": "1988-06-30"
  },
  {
    "date": "1988-03-30",
    "symbol": "JNJ",
    "eps": 0.11,
    "epsEstimated": null,
    "time": "bmo",
    "revenue": 2311000000,
    "revenueEstimated": null,
    "updatedFromDate": "2025-04-24",
    "fiscalDateEnding": "1988-03-31"
  },
  {
    "date": "1987-12-30",
    "symbol": "JNJ",
    "eps": 0.06,
    "epsEstimated": null,
    "time": "bmo",
    "revenue": 2028100000,
    "revenueEstimated": null,
    "updatedFromDate": "2025-04-24",
    "fiscalDateEnding": "1987-12-31"
  },
  {
    "date": "1987-09-29",
    "symbol": "JNJ",
    "eps": 0.08,
    "epsEstimated": null,
    "time": "bmo",
    "revenue": 1993200000,
    "revenueEstimated": null,
    "updatedFromDate": "2025-04-24",
    "fiscalDateEnding": "1987-09-30"
  },
  {
    "date": "1987-06-29",
    "symbol": "JNJ",
    "eps": 0.085,
    "epsEstimated": null,
    "time": "bmo",
    "revenue": 2010000000,
    "revenueEstimated": null,
    "updatedFromDate": "2025-04-24",
    "fiscalDateEnding": "1987-06-30"
  },
  {
    "date": "1987-03-30",
    "symbol": "JNJ",
    "eps": 0.085,
    "epsEstimated": null,
    "time": "bmo",
    "revenue": 1980800000,
    "revenueEstimated": null,
    "updatedFromDate": "2025-04-24",
    "fiscalDateEnding": "1987-03-31"
  },
  {
    "date": "1986-12-30",
    "symbol": "JNJ",
    "eps": 0.035,
    "epsEstimated": null,
    "time": "bmo",
    "revenue": 1745800000,
    "revenueEstimated": null,
    "updatedFromDate": "2025-04-24",
    "fiscalDateEnding": "1986-12-31"
  },
  {
    "date": "1986-09-29",
    "symbol": "JNJ",
    "eps": 0.065,
    "epsEstimated": null,
    "time": "bmo",
    "revenue": 1782300000,
    "revenueEstimated": null,
    "updatedFromDate": "2025-04-24",
    "fiscalDateEnding": "1986-09-30"
  },
  {
    "date": "1986-06-29",
    "symbol": "JNJ",
    "eps": 0.065,
    "epsEstimated": null,
    "time": "bmo",
    "revenue": 1732300000,
    "revenueEstimated": null,
    "updatedFromDate": "2025-04-24",
    "fiscalDateEnding": "1986-06-30"
  },
  {
    "date": "1986-03-30",
    "symbol": "JNJ",
    "eps": -0.05,
    "epsEstimated": null,
    "time": "bmo",
    "revenue": 1742500000,
    "revenueEstimated": null,
    "updatedFromDate": "2025-04-24",
    "fiscalDateEnding": "1986-03-31"
  },
  {
    "date": "1985-12-30",
    "symbol": "JNJ",
    "eps": 0.04,
    "epsEstimated": null,
    "time": "bmo",
    "revenue": 1657600000,
    "revenueEstimated": null,
    "updatedFromDate": "2025-04-24",
    "fiscalDateEnding": "1985-12-31"
  },
  {
    "date": "1985-09-29",
    "symbol": "JNJ",
    "eps": 0.055,
    "epsEstimated": null,
    "time": "bmo",
    "revenue": 1602800000,
    "revenueEstimated": null,
    "updatedFromDate": "2025-04-24",
    "fiscalDateEnding": "1985-09-30"
  }
]