[
  {
    "date": "2026-05-07",
    "symbol": "MA",
    "eps": null,
    "epsEstimated": 4.37,
    "time": "bmo",
    "revenue": null,
    "revenueEstimated": null,
    "updatedFromDate": "2026-02-08",
    "fiscalDateEnding": "2026-03-31"
  },
  {
    "date": "2026-01-29",
    "symbol": "MA",
    "eps": 4.76,
    "epsEstimated": 4.24,
    "time": "bmo",
    "revenue": 8806000000,
    "revenueEstimated": 8773590718,
    "updatedFromDate": "2026-02-08",
    "fiscalDateEnding": "2025-12-31"
  },
  {
    "date": "2025-10-30",
    "symbol": "MA",
    "eps": 4.38,
    "epsEstimated": 4.32,
    "time": "bmo",
    "revenue": 8602000000,
    "revenueEstimated": 8534549338,
    "updatedFromDate": "2026-01-30",
    "fiscalDateEnding": "2025-09-30"
  },
  {
    "date": "2025-07-31",
    "symbol": "MA",
    "eps": 4.15,
    "epsEstimated": 4.03,
    "time": "bmo",
    "revenue": 8133000000,
    "revenueEstimated": 7929589164,
    "updatedFromDate": "2025-10-31",
    "fiscalDateEnding": "2025-06-30"
  },
  {
    "date": "2025-05-01",
    "symbol": "MA",
    "eps": 3.73,
    "epsEstimated": 3.58,
    "time": "bmo",
    "revenue": 7250000000,
    "revenueEstimated": 7130327275,
    "updatedFromDate": "2025-08-01",
    "fiscalDateEnding": "2025-03-31"
  },
  {
    "date": "2025-01-30",
    "symbol": "MA",
    "eps": 3.82,
    "epsEstimated": 3.71,
    "time": "bmo",
    "revenue": 7489000000,
    "revenueEstimated": 7385341101,
    "updatedFromDate": "2025-04-30",
    "fiscalDateEnding": "2024-12-31"
  },
  {
    "date": "2024-10-31",
    "symbol": "MA",
    "eps": 3.89,
    "epsEstimated": 3.74,
    "time": "bmo",
    "revenue": 7369000000,
    "revenueEstimated": 7265622455,
    "updatedFromDate": "2025-04-25",
    "fiscalDateEnding": "2024-09-30"
  },
  {
    "date": "2024-07-31",
    "symbol": "MA",
    "eps": 3.59,
    "epsEstimated": 3.51,
    "time": "bmo",
    "revenue": 6961000000,
    "revenueEstimated": 6851770003,
    "updatedFromDate": "2025-04-25",
    "fiscalDateEnding": "2024-06-30"
  },
  {
    "date": "2024-05-01",
    "symbol": "MA",
    "eps": 3.31,
    "epsEstimated": 3.24,
    "time": "bmo",
    "revenue": 6348000000,
    "revenueEstimated": 6338410406,
    "updatedFromDate": "2025-04-25",
    "fiscalDateEnding": "2024-03-31"
  },
  {
    "date": "2024-01-31",
    "symbol": "MA",
    "eps": 3.18,
    "epsEstimated": 3.08,
    "time": "bmo",
    "revenue": 6548000000,
    "revenueEstimated": 5958210000,
    "updatedFromDate": "2025-04-25",
    "fiscalDateEnding": "2023-12-31"
  },
  {
    "date": "2023-10-26",
    "symbol": "MA",
    "eps": 3.39,
    "epsEstimated": 3.21,
    "time": "bmo",
    "revenue": 6533000000,
    "revenueEstimated": 6519430000,
    "updatedFromDate": "2025-04-25",
    "fiscalDateEnding": "2023-09-30"
  },
  {
    "date": "2023-07-27",
    "symbol": "MA",
    "eps": 2.89,
    "epsEstimated": 2.82,
    "time": "bmo",
    "revenue": 6269000000,
    "revenueEstimated": 5583590000,
    "updatedFromDate": "2025-04-25",
    "fiscalDateEnding": "2023-06-30"
  },
  {
    "date": "2023-04-27",
    "symbol": "MA",
    "eps": 2.8,
    "epsEstimated": 2.72,
    "time": "bmo",
    "revenue": 5748000000,
    "revenueEstimated": 5642980000,
    "updatedFromDate": "2025-04-25",
    "fiscalDateEnding": "2023-03-31"
  },
  {
    "date": "2023-01-26",
    "symbol": "MA",
    "eps": 2.65,
    "epsEstimated": 2.58,
    "time": "bmo",
    "revenue": 5817000000,
    "revenueEstimated": 5792990479,
    "updatedFromDate": "2025-04-25",
    "fiscalDateEnding": "2022-12-31"
  },
  {
    "date": "2022-10-27",
    "symbol": "MA",
    "eps": 2.68,
    "epsEstimated": 2.56,
    "time": "bmo",
    "revenue": 5756000000,
    "revenueEstimated": 5653090751,
    "updatedFromDate": "2025-04-25",
    "fiscalDateEnding": "2022-09-30"
  },
  {
    "date": "2022-07-28",
    "symbol": "MA",
    "eps": 2.56,
    "epsEstimated": 2.36,
    "time": "bmo",
    "revenue": 5497000000,
    "revenueEstimated": 5266730496,
    "updatedFromDate": "2025-04-25",
    "fiscalDateEnding": "2022-06-30"
  },
  {
    "date": "2022-04-28",
    "symbol": "MA",
    "eps": 2.76,
    "epsEstimated": 2.17,
    "time": "bmo",
    "revenue": 5167000000,
    "revenueEstimated": 4908521235,
    "updatedFromDate": "2025-04-25",
    "fiscalDateEnding": "2022-03-31"
  },
  {
    "date": "2022-01-27",
    "symbol": "MA",
    "eps": 2.35,
    "epsEstimated": 2.21,
    "time": "bmo",
    "revenue": 5216000000,
    "revenueEstimated": 5174416559,
    "updatedFromDate": "2025-04-25",
    "fiscalDateEnding": "2021-12-31"
  },
  {
    "date": "2021-10-28",
    "symbol": "MA",
    "eps": 2.37,
    "epsEstimated": 2.19,
    "time": "bmo",
    "revenue": 4985000000,
    "revenueEstimated": 4957750000,
    "updatedFromDate": "2025-04-25",
    "fiscalDateEnding": "2021-09-30"
  },
  {
    "date": "2021-07-29",
    "symbol": "MA",
    "eps": 1.95,
    "epsEstimated": 1.75,
    "time": "bmo",
    "revenue": 4528000000,
    "revenueEstimated": 4528000000,
    "updatedFromDate": "2025-04-25",
    "fiscalDateEnding": "2021-06-30"
  },
  {
    "date": "2021-04-29",
    "symbol": "MA",
    "eps": 1.74,
    "epsEstimated": 1.57,
    "time": "bmo",
    "revenue": 4155000000,
    "revenueEstimated": 3975080000,
    "updatedFromDate": "2025-04-25",
    "fiscalDateEnding": "2021-03-31"
  },
  {
    "date": "2021-01-28",
    "symbol": "MA",
    "eps": 1.64,
    "epsEstimated": 1.51,
    "time": "bmo",
    "revenue": 4120000000,
    "revenueEstimated": 4016520000,
    "updatedFromDate": "2025-04-25",
    "fiscalDateEnding": "2020-12-31"
  },
  {
    "date": "2020-10-28",
    "symbol": "MA",
    "eps": 1.6,
    "epsEstimated": 1.66,
    "time": "bmo",
    "revenue": 3837000000,
    "revenueEstimated": 3980887499,
    "updatedFromDate": "2025-04-25",
    "fiscalDateEnding": "2020-09-30"
  },
  {
    "date": "2020-07-30",
    "symbol": "MA",
    "eps": 1.36,
    "epsEstimated": 1.16,
    "time": "bmo",
    "revenue": 3335000000,
    "revenueEstimated": 2844558823,
    "updatedFromDate": "2025-04-25",
    "fiscalDateEnding": "2020-06-30"
  },
  {
    "date": "2020-04-29",
    "symbol": "MA",
    "eps": 1.83,
    "epsEstimated": 1.73,
    "time": "bmo",
    "revenue": 4009000000,
    "revenueEstimated": 3789928961,
    "updatedFromDate": "2025-04-25",
    "fiscalDateEnding": "2020-03-31"
  },
  {
    "date": "2020-01-29",
    "symbol": "MA",
    "eps": 1.96,
    "epsEstimated": 1.87,
    "time": "bmo",
    "revenue": 4414000000,
    "revenueEstimated": 4211316326,
    "updatedFromDate": "2025-04-25",
    "fiscalDateEnding": "2019-12-31"
  },
  {
    "date": "2019-10-29",
    "symbol": "MA",
    "eps": 2.15,
    "epsEstimated": 2.01,
    "time": "bmo",
    "revenue": 4467000000,
    "revenueEstimated": 4176125581,
    "updatedFromDate": "2025-04-25",
    "fiscalDateEnding": "2019-09-30"
  },
  {
    "date": "2019-07-30",
    "symbol": "MA",
    "eps": 1.89,
    "epsEstimated": 1.83,
    "time": "bmo",
    "revenue": 4113000000,
    "revenueEstimated": 3982428571,
    "updatedFromDate": "2025-04-25",
    "fiscalDateEnding": "2019-06-30"
  },
  {
    "date": "2019-04-30",
    "symbol": "MA",
    "eps": 1.78,
    "epsEstimated": 1.66,
    "time": "bmo",
    "revenue": 3889000000,
    "revenueEstimated": 3626820224,
    "updatedFromDate": "2025-04-25",
    "fiscalDateEnding": "2019-03-31"
  },
  {
    "date": "2019-01-31",
    "symbol": "MA",
    "eps": 1.55,
    "epsEstimated": 1.53,
    "time": "bmo",
    "revenue": 3807000000,
    "revenueEstimated": 3733316129,
    "updatedFromDate": "2025-04-25",
    "fiscalDateEnding": "2018-12-31"
  },
  {
    "date": "2018-10-30",
    "symbol": "MA",
    "eps": 1.78,
    "epsEstimated": 1.68,
    "time": "bmo",
    "revenue": 3898000000,
    "revenueEstimated": 3679011235,
    "updatedFromDate": "2025-04-25",
    "fiscalDateEnding": "2018-09-30"
  },
  {
    "date": "2018-07-26",
    "symbol": "MA",
    "eps": 1.66,
    "epsEstimated": 1.53,
    "time": "bmo",
    "revenue": 3665000000,
    "revenueEstimated": 3377981927,
    "updatedFromDate": "2025-04-25",
    "fiscalDateEnding": "2018-06-30"
  },
  {
    "date": "2018-05-02",
    "symbol": "MA",
    "eps": 1.5,
    "epsEstimated": 1.25,
    "time": "bmo",
    "revenue": 3580000000,
    "revenueEstimated": 2983333333,
    "updatedFromDate": "2025-04-25",
    "fiscalDateEnding": "2018-03-31"
  },
  {
    "date": "2018-02-01",
    "symbol": "MA",
    "eps": 1.14,
    "epsEstimated": 1.12,
    "time": "bmo",
    "revenue": 3312000000,
    "revenueEstimated": 3253894736,
    "updatedFromDate": "2025-04-25",
    "fiscalDateEnding": "2017-12-31"
  },
  {
    "date": "2017-10-31",
    "symbol": "MA",
    "eps": 1.34,
    "epsEstimated": 1.23,
    "time": "bmo",
    "revenue": 3398000000,
    "revenueEstimated": 3119059701,
    "updatedFromDate": "2025-04-25",
    "fiscalDateEnding": "2017-09-30"
  },
  {
    "date": "2017-07-27",
    "symbol": "MA",
    "eps": 1.1,
    "epsEstimated": 1.04,
    "time": "bmo",
    "revenue": 3053000000,
    "revenueEstimated": 2886472727,
    "updatedFromDate": "2025-04-25",
    "fiscalDateEnding": "2017-06-30"
  },
  {
    "date": "2017-05-02",
    "symbol": "MA",
    "eps": 1.01,
    "epsEstimated": 0.95,
    "time": "bmo",
    "revenue": 2734000000,
    "revenueEstimated": 2571584158,
    "updatedFromDate": "2025-04-25",
    "fiscalDateEnding": "2017-03-31"
  },
  {
    "date": "2017-01-31",
    "symbol": "MA",
    "eps": 0.86,
    "epsEstimated": 0.85,
    "time": "bmo",
    "revenue": 2756000000,
    "revenueEstimated": 2723953488,
    "updatedFromDate": "2025-04-25",
    "fiscalDateEnding": "2016-12-31"
  },
  {
    "date": "2016-10-28",
    "symbol": "MA",
    "eps": 1.08,
    "epsEstimated": 0.98,
    "time": "bmo",
    "revenue": 2880000000,
    "revenueEstimated": 2613333333,
    "updatedFromDate": "2025-04-25",
    "fiscalDateEnding": "2016-09-30"
  },
  {
    "date": "2016-07-28",
    "symbol": "MA",
    "eps": 0.96,
    "epsEstimated": 0.9,
    "time": "bmo",
    "revenue": 2694000000,
    "revenueEstimated": 2525625000,
    "updatedFromDate": "2025-04-25",
    "fiscalDateEnding": "2016-06-30"
  },
  {
    "date": "2016-04-28",
    "symbol": "MA",
    "eps": 0.86,
    "epsEstimated": 0.85,
    "time": "bmo",
    "revenue": 2446000000,
    "revenueEstimated": 2417558139,
    "updatedFromDate": "2025-04-25",
    "fiscalDateEnding": "2016-03-31"
  },
  {
    "date": "2016-01-29",
    "symbol": "MA",
    "eps": 0.79,
    "epsEstimated": 0.69,
    "time": "bmo",
    "revenue": 2517000000,
    "revenueEstimated": 2198392405,
    "updatedFromDate": "2025-04-25",
    "fiscalDateEnding": "2015-12-31"
  },
  {
    "date": "2015-10-29",
    "symbol": "MA",
    "eps": 0.91,
    "epsEstimated": 0.87,
    "time": "bmo",
    "revenue": 2530000000,
    "revenueEstimated": 2446593406,
    "updatedFromDate": "2025-04-25",
    "fiscalDateEnding": "2015-09-30"
  },
  {
    "date": "2015-07-29",
    "symbol": "MA",
    "eps": 0.85,
    "epsEstimated": 0.85,
    "time": "bmo",
    "revenue": 2390000000,
    "revenueEstimated": 2390000000,
    "updatedFromDate": "2025-04-25",
    "fiscalDateEnding": "2015-06-30"
  },
  {
    "date": "2015-04-29",
    "symbol": "MA",
    "eps": 0.91,
    "epsEstimated": 0.8,
    "time": "bmo",
    "revenue": 2230000000,
    "revenueEstimated": 2004494382,
    "updatedFromDate": "2025-04-25",
    "fiscalDateEnding": "2015-03-31"
  },
  {
    "date": "2015-01-30",
    "symbol": "MA",
    "eps": 0.69,
    "epsEstimated": 0.67,
    "time": "bmo",
    "revenue": 2416000000,
    "revenueEstimated": 2341115942,
    "updatedFromDate": "2025-04-25",
    "fiscalDateEnding": "2014-12-31"
  },
  {
    "date": "2014-10-30",
    "symbol": "MA",
    "eps": 0.87,
    "epsEstimated": 0.78,
    "time": "bmo",
    "revenue": 2490000000,
    "revenueEstimated": 2232413793,
    "updatedFromDate": "2025-04-25",
    "fiscalDateEnding": "2014-09-30"
  },
  {
    "date": "2014-07-31",
    "symbol": "MA",
    "eps": 0.8,
    "epsEstimated": 0.77,
    "time": "bmo",
    "revenue": 2368000000,
    "revenueEstimated": 2279200000,
    "updatedFromDate": "2025-04-25",
    "fiscalDateEnding": "2014-06-30"
  },
  {
    "date": "2014-05-01",
    "symbol": "MA",
    "eps": 0.73,
    "epsEstimated": 0.72,
    "time": "bmo",
    "revenue": 2172000000,
    "revenueEstimated": 2147178082,
    "updatedFromDate": "2025-04-25",
    "fiscalDateEnding": "2014-03-31"
  },
  {
    "date": "2014-01-31",
    "symbol": "MA",
    "eps": 0.57,
    "epsEstimated": 0.6,
    "time": "bmo",
    "revenue": 2126000000,
    "revenueEstimated": 2237894736,
    "updatedFromDate": "2025-04-25",
    "fiscalDateEnding": "2013-12-31"
  },
  {
    "date": "2013-10-31",
    "symbol": "MA",
    "eps": 0.73,
    "epsEstimated": 0.69,
    "time": "bmo",
    "revenue": 2218000000,
    "revenueEstimated": 2096465753,
    "updatedFromDate": "2025-04-25",
    "fiscalDateEnding": "2013-09-30"
  },
  {
    "date": "2013-07-31",
    "symbol": "MA",
    "eps": 0.7,
    "epsEstimated": 0.63,
    "time": "bmo",
    "revenue": 2096000000,
    "revenueEstimated": 1886400000,
    "updatedFromDate": "2025-04-25",
    "fiscalDateEnding": "2013-06-30"
  },
  {
    "date": "2013-05-01",
    "symbol": "MA",
    "eps": 0.62,
    "epsEstimated": 0.62,
    "time": "bmo",
    "revenue": 1906000000,
    "revenueEstimated": 1906000000,
    "updatedFromDate": "2025-04-25",
    "fiscalDateEnding": "2013-03-31"
  },
  {
    "date": "2013-01-31",
    "symbol": "MA",
    "eps": 0.49,
    "epsEstimated": 0.48,
    "time": "bmo",
    "revenue": 1895000000,
    "revenueEstimated": 1856326530,
    "updatedFromDate": "2025-04-25",
    "fiscalDateEnding": "2012-12-31"
  },
  {
    "date": "2012-10-31",
    "symbol": "MA",
    "eps": 0.62,
    "epsEstimated": 0.59,
    "time": "bmo",
    "revenue": 1918000000,
    "revenueEstimated": 1825193548,
    "updatedFromDate": "2025-04-25",
    "fiscalDateEnding": "2012-09-30"
  },
  {
    "date": "2012-08-01",
    "symbol": "MA",
    "eps": 0.56,
    "epsEstimated": 0.56,
    "time": "bmo",
    "revenue": 1820000000,
    "revenueEstimated": 1820000000,
    "updatedFromDate": "2025-04-25",
    "fiscalDateEnding": "2012-06-30"
  },
  {
    "date": "2012-05-02",
    "symbol": "MA",
    "eps": 0.54,
    "epsEstimated": 0.53,
    "time": "bmo",
    "revenue": 1758000000,
    "revenueEstimated": 1725444444,
    "updatedFromDate": "2025-04-25",
    "fiscalDateEnding": "2012-03-31"
  },
  {
    "date": "2012-02-02",
    "symbol": "MA",
    "eps": 0.4,
    "epsEstimated": 0.39,
    "time": "bmo",
    "revenue": 1728000000,
    "revenueEstimated": 1684800000,
    "updatedFromDate": "2025-04-25",
    "fiscalDateEnding": "2011-12-31"
  },
  {
    "date": "2011-11-02",
    "symbol": "MA",
    "eps": 0.56,
    "epsEstimated": 0.48,
    "time": "bmo",
    "revenue": 1818000000,
    "revenueEstimated": 1558285714,
    "updatedFromDate": "2025-04-25",
    "fiscalDateEnding": "2011-09-30"
  },
  {
    "date": "2011-08-03",
    "symbol": "MA",
    "eps": 0.48,
    "epsEstimated": 0.42,
    "time": "bmo",
    "revenue": 1667000000,
    "revenueEstimated": 1458625000,
    "updatedFromDate": "2025-04-25",
    "fiscalDateEnding": "2011-06-30"
  },
  {
    "date": "2011-05-03",
    "symbol": "MA",
    "eps": 0.43,
    "epsEstimated": 0.41,
    "time": "bmo",
    "revenue": 1501000000,
    "revenueEstimated": 1431186046,
    "updatedFromDate": "2025-04-25",
    "fiscalDateEnding": "2011-03-31"
  },
  {
    "date": "2011-02-03",
    "symbol": "MA",
    "eps": 0.32,
    "epsEstimated": 0.3,
    "time": "bmo",
    "revenue": 1438000000,
    "revenueEstimated": 1348125000,
    "updatedFromDate": "2025-04-25",
    "fiscalDateEnding": "2010-12-31"
  },
  {
    "date": "2010-11-02",
    "symbol": "MA",
    "eps": 0.39,
    "epsEstimated": 0.35,
    "time": "bmo",
    "revenue": 1428000000,
    "revenueEstimated": 1281538461,
    "updatedFromDate": "2025-04-25",
    "fiscalDateEnding": "2010-09-30"
  },
  {
    "date": "2010-08-03",
    "symbol": "MA",
    "eps": 0.35,
    "epsEstimated": 0.33,
    "time": "bmo",
    "revenue": 1365000000,
    "revenueEstimated": 1287000000,
    "updatedFromDate": "2025-04-25",
    "fiscalDateEnding": "2010-06-30"
  },
  {
    "date": "2010-05-04",
    "symbol": "MA",
    "eps": 0.35,
    "epsEstimated": 0.31,
    "time": "bmo",
    "revenue": 1308000000,
    "revenueEstimated": 1158514285,
    "updatedFromDate": "2025-04-25",
    "fiscalDateEnding": "2010-03-31"
  },
  {
    "date": "2010-02-04",
    "symbol": "MA",
    "eps": 0.22,
    "epsEstimated": 0.25,
    "time": "bmo",
    "revenue": 1298418000,
    "revenueEstimated": 1475454545,
    "updatedFromDate": "2025-04-25",
    "fiscalDateEnding": "2009-12-31"
  },
  {
    "date": "2009-11-03",
    "symbol": "MA",
    "eps": 0.35,
    "epsEstimated": 0.29,
    "time": "bmo",
    "revenue": 1364000000,
    "revenueEstimated": 1130585714,
    "updatedFromDate": "2025-04-25",
    "fiscalDateEnding": "2009-09-30"
  },
  {
    "date": "2009-07-30",
    "symbol": "MA",
    "eps": 0.27,
    "epsEstimated": 0.24,
    "time": "bmo",
    "revenue": 1280000000,
    "revenueEstimated": 1137777777,
    "updatedFromDate": "2025-04-25",
    "fiscalDateEnding": "2009-06-30"
  },
  {
    "date": "2009-05-01",
    "symbol": "MA",
    "eps": 0.28,
    "epsEstimated": 0.26,
    "time": "bmo",
    "revenue": 1156000000,
    "revenueEstimated": 1073521428,
    "updatedFromDate": "2025-04-25",
    "fiscalDateEnding": "2009-03-31"
  },
  {
    "date": "2009-02-05",
    "symbol": "MA",
    "eps": 0.19,
    "epsEstimated": 0.16,
    "time": "bmo",
    "revenue": 1224834000,
    "revenueEstimated": 1031410526,
    "updatedFromDate": "2025-04-25",
    "fiscalDateEnding": "2008-12-31"
  },
  {
    "date": "2008-11-03",
    "symbol": "MA",
    "eps": 0.25,
    "epsEstimated": 0.22,
    "time": "bmo",
    "revenue": 1338178000,
    "revenueEstimated": 1177616000,
    "updatedFromDate": "2025-04-25",
    "fiscalDateEnding": "2008-09-30"
  },
  {
    "date": "2008-07-31",
    "symbol": "MA",
    "eps": 0.21,
    "epsEstimated": 0.2,
    "time": "bmo",
    "revenue": 1246504000,
    "revenueEstimated": 1187142857,
    "updatedFromDate": "2025-04-25",
    "fiscalDateEnding": "2008-06-30"
  },
  {
    "date": "2008-04-29",
    "symbol": "MA",
    "eps": 0.26,
    "epsEstimated": 0.2,
    "time": "bmo",
    "revenue": 1182084000,
    "revenueEstimated": 909307692,
    "updatedFromDate": "2025-04-25",
    "fiscalDateEnding": "2008-03-31"
  },
  {
    "date": "2008-01-31",
    "symbol": "MA",
    "eps": 0.09,
    "epsEstimated": 0.07,
    "time": "bmo",
    "revenue": 1072687000,
    "revenueEstimated": 834322222,
    "updatedFromDate": "2025-04-25",
    "fiscalDateEnding": "2007-12-31"
  },
  {
    "date": "2007-10-31",
    "symbol": "MA",
    "eps": 0.18,
    "epsEstimated": 0.14,
    "time": "bmo",
    "revenue": 1082850000,
    "revenueEstimated": 842255555,
    "updatedFromDate": "2025-04-25",
    "fiscalDateEnding": "2007-09-30"
  },
  {
    "date": "2007-08-01",
    "symbol": "MA",
    "eps": 0.14,
    "epsEstimated": 0.13,
    "time": "bmo",
    "revenue": 996959000,
    "revenueEstimated": 925785714,
    "updatedFromDate": "2025-04-25",
    "fiscalDateEnding": "2007-06-30"
  },
  {
    "date": "2007-05-02",
    "symbol": "MA",
    "eps": 0.16,
    "epsEstimated": 0.12,
    "time": "bmo",
    "revenue": 915103000,
    "revenueEstimated": 686325000,
    "updatedFromDate": "2025-04-25",
    "fiscalDateEnding": "2007-03-31"
  },
  {
    "date": "2007-02-09",
    "symbol": "MA",
    "eps": 0.03,
    "epsEstimated": 0.01611,
    "time": "bmo",
    "revenue": 839163000,
    "revenueEstimated": 559466666,
    "updatedFromDate": "2025-04-25",
    "fiscalDateEnding": "2006-12-31"
  },
  {
    "date": "2006-11-01",
    "symbol": "MA",
    "eps": 0.14,
    "epsEstimated": 0.11,
    "time": "bmo",
    "revenue": 901969000,
    "revenueEstimated": 708714285,
    "updatedFromDate": "2025-04-25",
    "fiscalDateEnding": "2006-09-30"
  },
  {
    "date": "2006-08-02",
    "symbol": "MA",
    "eps": 0.07,
    "epsEstimated": 0.06,
    "time": "bmo",
    "revenue": 738453000,
    "revenueEstimated": 725571428,
    "updatedFromDate": "2025-04-25",
    "fiscalDateEnding": "2006-03-31"
  },
  {
    "date": "2006-08-02",
    "symbol": "MA",
    "eps": -0.22954,
    "epsEstimated": null,
    "time": "bmo",
    "revenue": 846489000,
    "revenueEstimated": null,
    "updatedFromDate": "2025-04-25",
    "fiscalDateEnding": "2006-06-30"
  },
  {
    "date": "2006-03-16",
    "symbol": "MA",
    "eps": 0.06668,
    "epsEstimated": null,
    "time": "bmo",
    "revenue": 734407000,
    "revenueEstimated": null,
    "updatedFromDate": "2025-04-25",
    "fiscalDateEnding": "2005-12-31"
  },
  {
    "date": "2005-11-02",
    "symbol": "MA",
    "eps": 0.06668,
    "epsEstimated": null,
    "time": "bmo",
    "revenue": 734407000,
    "revenueEstimated": null,
    "updatedFromDate": "2025-04-25",
    "fiscalDateEnding": "2005-09-30"
  },
  {
    "date": "2005-08-05",
    "symbol": "MA",
    "eps": 0.06668,
    "epsEstimated": null,
    "time": "bmo",
    "revenue": 734407000,
    "revenueEstimated": null,
    "updatedFromDate": "2025-04-25",
    "fiscalDateEnding": "2005-06-30"
  },
  {
    "date": "2005-05-09",
    "symbol": "MA",
    "eps": 0.06668,
    "epsEstimated": null,
    "time": "bmo",
    "revenue": 734407000,
    "revenueEstimated": null,
    "updatedFromDate": "2025-04-25",
    "fiscalDateEnding": "2005-03-31"
  },
  {
    "date": "2005-03-02",
    "symbol": "MA",
    "eps": 0.05952,
    "epsEstimated": null,
    "time": "bmo",
    "revenue": 648332000,
    "revenueEstimated": null,
    "updatedFromDate": "2025-04-25",
    "fiscalDateEnding": "2004-12-31"
  },
  {
    "date": "2004-11-09",
    "symbol": "MA",
    "eps": 0.098,
    "epsEstimated": null,
    "time": "bmo",
    "revenue": 648333000,
    "revenueEstimated": null,
    "updatedFromDate": "2025-04-25",
    "fiscalDateEnding": "2004-09-30"
  },
  {
    "date": "2004-08-05",
    "symbol": "MA",
    "eps": 0.066,
    "epsEstimated": null,
    "time": "bmo",
    "revenue": 648333000,
    "revenueEstimated": null,
    "updatedFromDate": "2025-04-25",
    "fiscalDateEnding": "2004-06-30"
  },
  {
    "date": "2004-05-10",
    "symbol": "MA",
    "eps": 0.074,
    "epsEstimated": null,
    "time": "bmo",
    "revenue": 648333000,
    "revenueEstimated": null,
    "updatedFromDate": "2025-04-25",
    "fiscalDateEnding": "2004-03-31"
  },
  {
    "date": "2004-03-04",
    "symbol": "MA",
    "eps": -0.08347,
    "epsEstimated": null,
    "time": "bmo",
    "revenue": 567574000,
    "revenueEstimated": null,
    "updatedFromDate": "2025-04-25",
    "fiscalDateEnding": "2003-12-31"
  },
  {
    "date": "2003-11-07",
    "symbol": "MA",
    "eps": 0.074,
    "epsEstimated": null,
    "time": "bmo",
    "revenue": 594169000,
    "revenueEstimated": null,
    "updatedFromDate": "2025-04-25",
    "fiscalDateEnding": "2003-09-30"
  },
  {
    "date": "2003-08-08",
    "symbol": "MA",
    "eps": 0.032,
    "epsEstimated": null,
    "time": "bmo",
    "revenue": 556893000,
    "revenueEstimated": null,
    "updatedFromDate": "2025-04-25",
    "fiscalDateEnding": "2003-06-30"
  },
  {
    "date": "2003-05-14",
    "symbol": "MA",
    "eps": -0.425,
    "epsEstimated": null,
    "time": "bmo",
    "revenue": 512215000,
    "revenueEstimated": null,
    "updatedFromDate": "2025-04-25",
    "fiscalDateEnding": "2003-03-31"
  },
  {
    "date": "2003-03-07",
    "symbol": "MA",
    "eps": -0.05144,
    "epsEstimated": null,
    "time": "bmo",
    "revenue": 509235000,
    "revenueEstimated": null,
    "updatedFromDate": "2025-04-25",
    "fiscalDateEnding": "2002-12-31"
  },
  {
    "date": "2002-11-14",
    "symbol": "MA",
    "eps": 0.078,
    "epsEstimated": null,
    "time": "bmo",
    "revenue": 539435000,
    "revenueEstimated": null,
    "updatedFromDate": "2025-04-25",
    "fiscalDateEnding": "2002-09-30"
  },
  {
    "date": "2002-08-14",
    "symbol": "MA",
    "eps": 0.05,
    "epsEstimated": null,
    "time": "bmo",
    "revenue": 448757000,
    "revenueEstimated": null,
    "updatedFromDate": "2025-04-25",
    "fiscalDateEnding": "2002-06-30"
  }
]