[
  {
    "date": "2026-04-28",
    "symbol": "TSLA",
    "eps": null,
    "epsEstimated": 0.43,
    "time": "amc",
    "revenue": null,
    "revenueEstimated": null,
    "updatedFromDate": "2026-02-03",
    "fiscalDateEnding": "2026-03-30"
  },
  {
    "date": "2026-01-28",
    "symbol": "TSLA",
    "eps": 0.5,
    "epsEstimated": 0.4512,
    "time": "amc",
    "revenue": 24901000000,
    "revenueEstimated": 24739883475,
    "updatedFromDate": "2026-02-03",
    "fiscalDateEnding": "2025-12-31"
  },
  {
    "date": "2025-10-22",
    "symbol": "TSLA",
    "eps": 0.5,
    "epsEstimated": 0.558,
    "time": "amc",
    "revenue": 28095000000,
    "revenueEstimated": 26540367719,
    "updatedFromDate": "2026-01-22",
    "fiscalDateEnding": "2025-09-30"
  },
  {
    "date": "2025-07-23",
    "symbol": "TSLA",
    "eps": 0.4,
    "epsEstimated": 0.3972,
    "time": "amc",
    "revenue": 22496000000,
    "revenueEstimated": 22279678348,
    "updatedFromDate": "2025-10-23",
    "fiscalDateEnding": "2025-06-30"
  },
  {
    "date": "2025-04-22",
    "symbol": "TSLA",
    "eps": 0.27,
    "epsEstimated": 0.4136,
    "time": "amc",
    "revenue": 19335000000,
    "revenueEstimated": 21269497845,
    "updatedFromDate": "2025-07-22",
    "fiscalDateEnding": "2025-03-31"
  },
  {
    "date": "2025-01-29",
    "symbol": "TSLA",
    "eps": 0.73,
    "epsEstimated": 0.774,
    "time": "amc",
    "revenue": 25707000000,
    "revenueEstimated": 27258924570,
    "updatedFromDate": "2025-04-29",
    "fiscalDateEnding": "2024-12-31"
  },
  {
    "date": "2024-10-23",
    "symbol": "TSLA",
    "eps": 0.72,
    "epsEstimated": 0.58,
    "time": "amc",
    "revenue": 25182000000,
    "revenueEstimated": 25468371161,
    "updatedFromDate": "2025-04-25",
    "fiscalDateEnding": "2024-09-30"
  },
  {
    "date": "2024-07-23",
    "symbol": "TSLA",
    "eps": 0.52,
    "epsEstimated": 0.62,
    "time": "amc",
    "revenue": 25500000000,
    "revenueEstimated": 24539747788,
    "updatedFromDate": "2025-04-25",
    "fiscalDateEnding": "2024-06-30"
  },
  {
    "date": "2024-04-23",
    "symbol": "TSLA",
    "eps": 0.45,
    "epsEstimated": 0.51,
    "time": "amc",
    "revenue": 21301000000,
    "revenueEstimated": 22220029354,
    "updatedFromDate": "2025-04-25",
    "fiscalDateEnding": "2024-03-31"
  },
  {
    "date": "2024-01-24",
    "symbol": "TSLA",
    "eps": 0.71,
    "epsEstimated": 0.75,
    "time": "amc",
    "revenue": 25167000000,
    "revenueEstimated": 25547500000,
    "updatedFromDate": "2025-04-25",
    "fiscalDateEnding": "2023-12-31"
  },
  {
    "date": "2023-10-18",
    "symbol": "TSLA",
    "eps": 0.66,
    "epsEstimated": 0.72,
    "time": "amc",
    "revenue": 23350000000,
    "revenueEstimated": 24096100000,
    "updatedFromDate": "2025-04-25",
    "fiscalDateEnding": "2023-09-30"
  },
  {
    "date": "2023-07-19",
    "symbol": "TSLA",
    "eps": 0.91,
    "epsEstimated": 0.82,
    "time": "amc",
    "revenue": 24927000000,
    "revenueEstimated": 24477100000,
    "updatedFromDate": "2025-04-25",
    "fiscalDateEnding": "2023-06-30"
  },
  {
    "date": "2023-04-19",
    "symbol": "TSLA",
    "eps": 0.85,
    "epsEstimated": 0.85,
    "time": "amc",
    "revenue": 23329000000,
    "revenueEstimated": 23290300000,
    "updatedFromDate": "2025-04-25",
    "fiscalDateEnding": "2023-03-31"
  },
  {
    "date": "2023-01-25",
    "symbol": "TSLA",
    "eps": 1.19,
    "epsEstimated": 1.13,
    "time": "amc",
    "revenue": 24318000000,
    "revenueEstimated": 24669077753,
    "updatedFromDate": "2025-04-25",
    "fiscalDateEnding": "2022-12-31"
  },
  {
    "date": "2022-10-19",
    "symbol": "TSLA",
    "eps": 1.05,
    "epsEstimated": 0.99,
    "time": "amc",
    "revenue": 21454000000,
    "revenueEstimated": 21982042234,
    "updatedFromDate": "2025-04-25",
    "fiscalDateEnding": "2022-09-30"
  },
  {
    "date": "2022-07-20",
    "symbol": "TSLA",
    "eps": 0.76,
    "epsEstimated": 0.6,
    "time": "amc",
    "revenue": 16934000000,
    "revenueEstimated": 16539370385,
    "updatedFromDate": "2025-04-25",
    "fiscalDateEnding": "2022-06-30"
  },
  {
    "date": "2022-04-20",
    "symbol": "TSLA",
    "eps": 1.07,
    "epsEstimated": 0.75,
    "time": "amc",
    "revenue": 18756000000,
    "revenueEstimated": 17868578587,
    "updatedFromDate": "2025-04-25",
    "fiscalDateEnding": "2022-03-31"
  },
  {
    "date": "2022-01-26",
    "symbol": "TSLA",
    "eps": 0.85,
    "epsEstimated": 0.79,
    "time": "amc",
    "revenue": 17719000000,
    "revenueEstimated": 15747600000,
    "updatedFromDate": "2025-04-25",
    "fiscalDateEnding": "2021-12-31"
  },
  {
    "date": "2021-10-20",
    "symbol": "TSLA",
    "eps": 0.62,
    "epsEstimated": 0.53,
    "time": "amc",
    "revenue": 13757000000,
    "revenueEstimated": 13148600000,
    "updatedFromDate": "2025-04-25",
    "fiscalDateEnding": "2021-09-30"
  },
  {
    "date": "2021-07-26",
    "symbol": "TSLA",
    "eps": 0.48,
    "epsEstimated": 0.33,
    "time": "amc",
    "revenue": 11958000000,
    "revenueEstimated": 8644038631,
    "updatedFromDate": "2025-04-25",
    "fiscalDateEnding": "2021-06-30"
  },
  {
    "date": "2021-04-26",
    "symbol": "TSLA",
    "eps": 0.31,
    "epsEstimated": 0.26,
    "time": "amc",
    "revenue": 10389000000,
    "revenueEstimated": 9976330000,
    "updatedFromDate": "2025-04-25",
    "fiscalDateEnding": "2021-03-31"
  },
  {
    "date": "2021-01-27",
    "symbol": "TSLA",
    "eps": 0.27,
    "epsEstimated": 0.3,
    "time": "amc",
    "revenue": 10744000000,
    "revenueEstimated": 10196800000,
    "updatedFromDate": "2025-04-25",
    "fiscalDateEnding": "2020-12-31"
  },
  {
    "date": "2020-10-21",
    "symbol": "TSLA",
    "eps": 0.25,
    "epsEstimated": 0.18,
    "time": "amc",
    "revenue": 8771000000,
    "revenueEstimated": 6809065789,
    "updatedFromDate": "2025-04-25",
    "fiscalDateEnding": "2020-09-30"
  },
  {
    "date": "2020-07-22",
    "symbol": "TSLA",
    "eps": 0.15,
    "epsEstimated": 0.01084,
    "time": "amc",
    "revenue": 6036000000,
    "revenueEstimated": 411545454,
    "updatedFromDate": "2025-04-25",
    "fiscalDateEnding": "2020-06-30"
  },
  {
    "date": "2020-04-29",
    "symbol": "TSLA",
    "eps": 0.08,
    "epsEstimated": 0.01437,
    "time": "amc",
    "revenue": 5985000000,
    "revenueEstimated": 1301086956,
    "updatedFromDate": "2025-04-25",
    "fiscalDateEnding": "2020-03-31"
  },
  {
    "date": "2020-01-29",
    "symbol": "TSLA",
    "eps": 0.14,
    "epsEstimated": 0.11,
    "time": "amc",
    "revenue": 7384000000,
    "revenueEstimated": 6303414634,
    "updatedFromDate": "2025-04-25",
    "fiscalDateEnding": "2019-12-31"
  },
  {
    "date": "2019-10-23",
    "symbol": "TSLA",
    "eps": 0.12,
    "epsEstimated": 0.01867,
    "time": "amc",
    "revenue": 6303000000,
    "revenueEstimated": 1362810810,
    "updatedFromDate": "2025-04-25",
    "fiscalDateEnding": "2019-09-30"
  },
  {
    "date": "2019-07-24",
    "symbol": "TSLA",
    "eps": -0.07,
    "epsEstimated": -0.02228,
    "time": "amc",
    "revenue": 6349676000,
    "revenueEstimated": 2020351454,
    "updatedFromDate": "2025-04-25",
    "fiscalDateEnding": "2019-06-30"
  },
  {
    "date": "2019-04-24",
    "symbol": "TSLA",
    "eps": -0.19,
    "epsEstimated": -0.08,
    "time": "amc",
    "revenue": 4541464000,
    "revenueEstimated": 1096215448,
    "updatedFromDate": "2025-04-25",
    "fiscalDateEnding": "2019-03-31"
  },
  {
    "date": "2019-01-30",
    "symbol": "TSLA",
    "eps": 0.13,
    "epsEstimated": 0.14,
    "time": "amc",
    "revenue": 7225873000,
    "revenueEstimated": 8152297435,
    "updatedFromDate": "2025-04-25",
    "fiscalDateEnding": "2018-12-31"
  },
  {
    "date": "2018-10-24",
    "symbol": "TSLA",
    "eps": 0.19,
    "epsEstimated": 0.03014,
    "time": "amc",
    "revenue": 6824000000,
    "revenueEstimated": 470648275,
    "updatedFromDate": "2025-04-25",
    "fiscalDateEnding": "2018-09-30"
  },
  {
    "date": "2018-08-01",
    "symbol": "TSLA",
    "eps": -0.2,
    "epsEstimated": -0.19,
    "time": "amc",
    "revenue": 4002231000,
    "revenueEstimated": 3819092810,
    "updatedFromDate": "2025-04-25",
    "fiscalDateEnding": "2018-06-30"
  },
  {
    "date": "2018-05-02",
    "symbol": "TSLA",
    "eps": -0.22,
    "epsEstimated": -0.22,
    "time": "amc",
    "revenue": 3408751000,
    "revenueEstimated": 3642837014,
    "updatedFromDate": "2025-04-25",
    "fiscalDateEnding": "2018-03-31"
  },
  {
    "date": "2018-02-07",
    "symbol": "TSLA",
    "eps": -0.2,
    "epsEstimated": -0.21,
    "time": "amc",
    "revenue": 3288249000,
    "revenueEstimated": 3342282236,
    "updatedFromDate": "2025-04-25",
    "fiscalDateEnding": "2017-12-31"
  },
  {
    "date": "2017-11-01",
    "symbol": "TSLA",
    "eps": -0.19,
    "epsEstimated": -0.16,
    "time": "amc",
    "revenue": 2984675000,
    "revenueEstimated": 2248746575,
    "updatedFromDate": "2025-04-25",
    "fiscalDateEnding": "2017-09-30"
  },
  {
    "date": "2017-08-02",
    "symbol": "TSLA",
    "eps": -0.09,
    "epsEstimated": -0.13,
    "time": "amc",
    "revenue": 2789557000,
    "revenueEstimated": 3817347368,
    "updatedFromDate": "2025-04-25",
    "fiscalDateEnding": "2017-06-30"
  },
  {
    "date": "2017-05-03",
    "symbol": "TSLA",
    "eps": -0.09,
    "epsEstimated": -0.08934,
    "time": "amc",
    "revenue": 2696270000,
    "revenueEstimated": 2389194805,
    "updatedFromDate": "2025-04-25",
    "fiscalDateEnding": "2017-03-31"
  },
  {
    "date": "2017-02-22",
    "symbol": "TSLA",
    "eps": -0.05,
    "epsEstimated": -0.03741,
    "time": "amc",
    "revenue": 2284631000,
    "revenueEstimated": 1423736231,
    "updatedFromDate": "2025-04-25",
    "fiscalDateEnding": "2016-12-31"
  },
  {
    "date": "2016-10-26",
    "symbol": "TSLA",
    "eps": 0.05,
    "epsEstimated": 0.01355,
    "time": "amc",
    "revenue": 2298436000,
    "revenueEstimated": 1748078873,
    "updatedFromDate": "2025-04-25",
    "fiscalDateEnding": "2016-09-30"
  },
  {
    "date": "2016-08-03",
    "symbol": "TSLA",
    "eps": -0.07,
    "epsEstimated": -0.03962,
    "time": "amc",
    "revenue": 1270017000,
    "revenueEstimated": 402298136,
    "updatedFromDate": "2025-04-25",
    "fiscalDateEnding": "2016-06-30"
  },
  {
    "date": "2016-05-04",
    "symbol": "TSLA",
    "eps": -0.04,
    "epsEstimated": -0.03407,
    "time": "amc",
    "revenue": 1147048000,
    "revenueEstimated": 458800000,
    "updatedFromDate": "2025-04-25",
    "fiscalDateEnding": "2016-03-31"
  },
  {
    "date": "2016-02-10",
    "symbol": "TSLA",
    "eps": -0.06,
    "epsEstimated": -0.00544,
    "time": "amc",
    "revenue": 1214380000,
    "revenueEstimated": 139586206,
    "updatedFromDate": "2025-04-25",
    "fiscalDateEnding": "2015-12-31"
  },
  {
    "date": "2015-11-03",
    "symbol": "TSLA",
    "eps": -0.04,
    "epsEstimated": -0.03934,
    "time": "amc",
    "revenue": 936789000,
    "revenueEstimated": 791434482,
    "updatedFromDate": "2025-04-25",
    "fiscalDateEnding": "2015-09-30"
  },
  {
    "date": "2015-08-05",
    "symbol": "TSLA",
    "eps": -0.03,
    "epsEstimated": -0.00167,
    "time": "amc",
    "revenue": 954976000,
    "revenueEstimated": 1193750000,
    "updatedFromDate": "2025-04-25",
    "fiscalDateEnding": "2015-06-30"
  },
  {
    "date": "2015-05-06",
    "symbol": "TSLA",
    "eps": -0.02,
    "epsEstimated": -0.01566,
    "time": "amc",
    "revenue": 939880000,
    "revenueEstimated": 1305416666,
    "updatedFromDate": "2025-04-25",
    "fiscalDateEnding": "2015-03-31"
  },
  {
    "date": "2015-02-11",
    "symbol": "TSLA",
    "eps": -0.01,
    "epsEstimated": -0.00416,
    "time": "amc",
    "revenue": 956661000,
    "revenueEstimated": 2281361538,
    "updatedFromDate": "2025-04-25",
    "fiscalDateEnding": "2014-12-31"
  },
  {
    "date": "2014-11-05",
    "symbol": "TSLA",
    "eps": -0.03987,
    "epsEstimated": -0.02009,
    "time": "amc",
    "revenue": 851804000,
    "revenueEstimated": 425900000,
    "updatedFromDate": "2025-04-25",
    "fiscalDateEnding": "2014-09-30"
  },
  {
    "date": "2014-07-31",
    "symbol": "TSLA",
    "eps": 0.01,
    "epsEstimated": 0.00238,
    "time": "amc",
    "revenue": 769349000,
    "revenueEstimated": 279745454,
    "updatedFromDate": "2025-04-25",
    "fiscalDateEnding": "2014-06-30"
  },
  {
    "date": "2014-05-07",
    "symbol": "TSLA",
    "eps": 0.01,
    "epsEstimated": 0.00416,
    "time": "amc",
    "revenue": 620542000,
    "revenueEstimated": 517083333,
    "updatedFromDate": "2025-04-25",
    "fiscalDateEnding": "2014-03-31"
  },
  {
    "date": "2014-02-19",
    "symbol": "TSLA",
    "eps": 0.02,
    "epsEstimated": 0.01254,
    "time": "amc",
    "revenue": 615219000,
    "revenueEstimated": 391490909,
    "updatedFromDate": "2025-04-25",
    "fiscalDateEnding": "2013-12-31"
  },
  {
    "date": "2013-11-05",
    "symbol": "TSLA",
    "eps": 0.01,
    "epsEstimated": 0.0091,
    "time": "amc",
    "revenue": 431346000,
    "revenueEstimated": 395358333,
    "updatedFromDate": "2025-04-25",
    "fiscalDateEnding": "2013-09-30"
  },
  {
    "date": "2013-08-07",
    "symbol": "TSLA",
    "eps": -0.0172,
    "epsEstimated": -0.00541,
    "time": "amc",
    "revenue": 405139000,
    "revenueEstimated": 344334999,
    "updatedFromDate": "2025-04-25",
    "fiscalDateEnding": "2013-06-30"
  },
  {
    "date": "2013-05-08",
    "symbol": "TSLA",
    "eps": 0.01,
    "epsEstimated": 0.00369,
    "time": "amc",
    "revenue": 561792000,
    "revenueEstimated": 187266666,
    "updatedFromDate": "2025-04-25",
    "fiscalDateEnding": "2013-03-31"
  },
  {
    "date": "2013-02-20",
    "symbol": "TSLA",
    "eps": -0.04,
    "epsEstimated": -0.03243,
    "time": "amc",
    "revenue": 306332000,
    "revenueEstimated": 249752307,
    "updatedFromDate": "2025-04-25",
    "fiscalDateEnding": "2012-12-31"
  },
  {
    "date": "2012-11-05",
    "symbol": "TSLA",
    "eps": -0.06,
    "epsEstimated": -0.06,
    "time": "bmo",
    "revenue": 50104000,
    "revenueEstimated": 49010869,
    "updatedFromDate": "2025-04-25",
    "fiscalDateEnding": "2012-09-30"
  },
  {
    "date": "2012-07-25",
    "symbol": "TSLA",
    "eps": -0.06,
    "epsEstimated": -0.30667,
    "time": "amc",
    "revenue": 26653000,
    "revenueEstimated": 27600000,
    "updatedFromDate": "2025-04-25",
    "fiscalDateEnding": "2012-06-30"
  },
  {
    "date": "2012-05-09",
    "symbol": "TSLA",
    "eps": -0.05,
    "epsEstimated": -0.23,
    "time": "amc",
    "revenue": 30167000,
    "revenueEstimated": 27418421,
    "updatedFromDate": "2025-04-25",
    "fiscalDateEnding": "2012-03-31"
  },
  {
    "date": "2012-02-15",
    "symbol": "TSLA",
    "eps": -0.05,
    "epsEstimated": -0.04533,
    "time": "amc",
    "revenue": 39375000,
    "revenueEstimated": 35973913,
    "updatedFromDate": "2025-04-25",
    "fiscalDateEnding": "2011-12-31"
  },
  {
    "date": "2011-11-02",
    "symbol": "TSLA",
    "eps": -0.04,
    "epsEstimated": -0.0376,
    "time": "amc",
    "revenue": 57666000,
    "revenueEstimated": 61896363,
    "updatedFromDate": "2025-04-25",
    "fiscalDateEnding": "2011-09-30"
  },
  {
    "date": "2011-08-03",
    "symbol": "TSLA",
    "eps": -0.04,
    "epsEstimated": -0.03816,
    "time": "amc",
    "revenue": 58171000,
    "revenueEstimated": 56003773,
    "updatedFromDate": "2025-04-25",
    "fiscalDateEnding": "2011-06-30"
  },
  {
    "date": "2011-05-04",
    "symbol": "TSLA",
    "eps": -0.03,
    "epsEstimated": -0.02619,
    "time": "amc",
    "revenue": 49030000,
    "revenueEstimated": 56795454,
    "updatedFromDate": "2025-04-25",
    "fiscalDateEnding": "2011-03-31"
  },
  {
    "date": "2011-02-15",
    "symbol": "TSLA",
    "eps": -0.03,
    "epsEstimated": -0.0284,
    "time": "amc",
    "revenue": 36286000,
    "revenueEstimated": 38617021,
    "updatedFromDate": "2025-04-25",
    "fiscalDateEnding": "2010-12-31"
  },
  {
    "date": "2010-11-12",
    "symbol": "TSLA",
    "eps": -0.02524,
    "epsEstimated": null,
    "time": "amc",
    "revenue": 31241000,
    "revenueEstimated": null,
    "updatedFromDate": "2025-04-25",
    "fiscalDateEnding": "2010-09-30"
  },
  {
    "date": "2010-11-09",
    "symbol": "TSLA",
    "eps": -0.02,
    "epsEstimated": -0.01748,
    "time": "amc",
    "revenue": 28405000,
    "revenueEstimated": 36259459,
    "updatedFromDate": "2025-04-25",
    "fiscalDateEnding": "2010-06-30"
  },
  {
    "date": "2010-03-31",
    "symbol": "TSLA",
    "eps": -0.02114,
    "epsEstimated": null,
    "time": "amc",
    "revenue": 20812000,
    "revenueEstimated": null,
    "updatedFromDate": "2025-04-25",
    "fiscalDateEnding": "2010-03-31"
  },
  {
    "date": "2009-12-31",
    "symbol": "TSLA",
    "eps": null,
    "epsEstimated": null,
    "time": "amc",
    "revenue": 18585000,
    "revenueEstimated": null,
    "updatedFromDate": "2025-04-25",
    "fiscalDateEnding": "2009-12-31"
  },
  {
    "date": "2009-09-30",
    "symbol": "TSLA",
    "eps": -0.0022,
    "epsEstimated": null,
    "time": "amc",
    "revenue": 45527000,
    "revenueEstimated": null,
    "updatedFromDate": "2025-04-25",
    "fiscalDateEnding": "2009-09-30"
  },
  {
    "date": "2009-06-30",
    "symbol": "TSLA",
    "eps": -0.00518,
    "epsEstimated": null,
    "time": "amc",
    "revenue": 26945000,
    "revenueEstimated": null,
    "updatedFromDate": "2025-04-25",
    "fiscalDateEnding": "2009-06-30"
  },
  {
    "date": "2009-03-31",
    "symbol": "TSLA",
    "eps": -0.00763,
    "epsEstimated": null,
    "time": "amc",
    "revenue": 20886000,
    "revenueEstimated": null,
    "updatedFromDate": "2025-04-25",
    "fiscalDateEnding": "2009-03-31"
  },
  {
    "date": "2008-12-31",
    "symbol": "TSLA",
    "eps": null,
    "epsEstimated": null,
    "time": "amc",
    "revenue": 14162000,
    "revenueEstimated": null,
    "updatedFromDate": "2025-04-25",
    "fiscalDateEnding": "2008-12-31"
  },
  {
    "date": "2008-03-30",
    "symbol": "TSLA",
    "eps": -0.01012,
    "epsEstimated": null,
    "time": "amc",
    "revenue": 3685500,
    "revenueEstimated": null,
    "updatedFromDate": "2025-04-25",
    "fiscalDateEnding": "2008-03-31"
  },
  {
    "date": "2008-01-30",
    "symbol": "TSLA",
    "eps": -0.01012,
    "epsEstimated": null,
    "time": "amc",
    "revenue": 3685500,
    "revenueEstimated": null,
    "updatedFromDate": "2025-04-25",
    "fiscalDateEnding": "2008-01-31"
  },
  {
    "date": "2007-03-30",
    "symbol": "TSLA",
    "eps": -0.00955,
    "epsEstimated": null,
    "time": "amc",
    "revenue": 18250,
    "revenueEstimated": null,
    "updatedFromDate": "2025-04-25",
    "fiscalDateEnding": "2007-03-31"
  }
]