[
  {
    "date": "2026-05-27",
    "symbol": "COST",
    "eps": null,
    "epsEstimated": null,
    "time": "amc",
    "revenue": null,
    "revenueEstimated": null,
    "updatedFromDate": "2026-02-02",
    "fiscalDateEnding": "2026-05-22"
  },
  {
    "date": "2026-03-05",
    "symbol": "COST",
    "eps": null,
    "epsEstimated": 4.51,
    "time": "bmo",
    "revenue": null,
    "revenueEstimated": 68964351640,
    "updatedFromDate": "2026-02-02",
    "fiscalDateEnding": "2026-02-23"
  },
  {
    "date": "2025-12-11",
    "symbol": "COST",
    "eps": 4.34,
    "epsEstimated": 4.27,
    "time": "amc",
    "revenue": 67307000000,
    "revenueEstimated": 67143234240,
    "updatedFromDate": "2026-02-02",
    "fiscalDateEnding": "2025-11-23"
  },
  {
    "date": "2025-09-25",
    "symbol": "COST",
    "eps": 5.87,
    "epsEstimated": 5.8,
    "time": "amc",
    "revenue": 86156000000,
    "revenueEstimated": 86013556706,
    "updatedFromDate": "2025-12-25",
    "fiscalDateEnding": "2025-08-31"
  },
  {
    "date": "2025-05-29",
    "symbol": "COST",
    "eps": 4.28,
    "epsEstimated": 4.24,
    "time": "amc",
    "revenue": 63205000000,
    "revenueEstimated": 63129611578,
    "updatedFromDate": "2025-08-29",
    "fiscalDateEnding": "2025-05-11"
  },
  {
    "date": "2025-03-06",
    "symbol": "COST",
    "eps": 4.02,
    "epsEstimated": 4.09,
    "time": "amc",
    "revenue": 63723000000,
    "revenueEstimated": 63109884641,
    "updatedFromDate": "2025-06-06",
    "fiscalDateEnding": "2025-02-16"
  },
  {
    "date": "2024-12-12",
    "symbol": "COST",
    "eps": 3.82,
    "epsEstimated": 3.79,
    "time": "amc",
    "revenue": 62151000000,
    "revenueEstimated": 62049988057,
    "updatedFromDate": "2025-04-24",
    "fiscalDateEnding": "2024-11-24"
  },
  {
    "date": "2024-09-26",
    "symbol": "COST",
    "eps": 5.29,
    "epsEstimated": 5.08,
    "time": "amc",
    "revenue": 79697000000,
    "revenueEstimated": 79911485122,
    "updatedFromDate": "2025-04-24",
    "fiscalDateEnding": "2024-09-01"
  },
  {
    "date": "2024-05-30",
    "symbol": "COST",
    "eps": 3.78,
    "epsEstimated": 3.7,
    "time": "amc",
    "revenue": 58515000000,
    "revenueEstimated": 58022711711,
    "updatedFromDate": "2025-04-24",
    "fiscalDateEnding": "2024-05-12"
  },
  {
    "date": "2024-03-07",
    "symbol": "COST",
    "eps": 3.92,
    "epsEstimated": 3.62,
    "time": "amc",
    "revenue": 58442000000,
    "revenueEstimated": 59110502545,
    "updatedFromDate": "2025-04-24",
    "fiscalDateEnding": "2024-02-18"
  },
  {
    "date": "2023-12-14",
    "symbol": "COST",
    "eps": 3.58,
    "epsEstimated": 3.42,
    "time": "amc",
    "revenue": 57799000000,
    "revenueEstimated": 57681100000,
    "updatedFromDate": "2025-04-24",
    "fiscalDateEnding": "2023-11-26"
  },
  {
    "date": "2023-09-26",
    "symbol": "COST",
    "eps": 4.86,
    "epsEstimated": 4.79,
    "time": "amc",
    "revenue": 78939000000,
    "revenueEstimated": 77864600000,
    "updatedFromDate": "2025-04-24",
    "fiscalDateEnding": "2023-09-03"
  },
  {
    "date": "2023-05-25",
    "symbol": "COST",
    "eps": 2.93,
    "epsEstimated": 3.29,
    "time": "amc",
    "revenue": 53648000000,
    "revenueEstimated": 78017900000,
    "updatedFromDate": "2025-04-24",
    "fiscalDateEnding": "2023-05-07"
  },
  {
    "date": "2023-03-02",
    "symbol": "COST",
    "eps": 3.3,
    "epsEstimated": 3.21,
    "time": "amc",
    "revenue": 55266000000,
    "revenueEstimated": 55572780170,
    "updatedFromDate": "2025-04-24",
    "fiscalDateEnding": "2023-02-12"
  },
  {
    "date": "2022-12-08",
    "symbol": "COST",
    "eps": 3.1,
    "epsEstimated": 3.11,
    "time": "amc",
    "revenue": 54437000000,
    "revenueEstimated": 58360000000,
    "updatedFromDate": "2025-04-24",
    "fiscalDateEnding": "2022-11-20"
  },
  {
    "date": "2022-09-22",
    "symbol": "COST",
    "eps": 4.2,
    "epsEstimated": 4.17,
    "time": "amc",
    "revenue": 72091000000,
    "revenueEstimated": 70800000000,
    "updatedFromDate": "2025-04-24",
    "fiscalDateEnding": "2022-08-28"
  },
  {
    "date": "2022-05-26",
    "symbol": "COST",
    "eps": 3.17,
    "epsEstimated": 3.03,
    "time": "amc",
    "revenue": 52596000000,
    "revenueEstimated": null,
    "updatedFromDate": "2025-04-24",
    "fiscalDateEnding": "2022-05-08"
  },
  {
    "date": "2022-03-03",
    "symbol": "COST",
    "eps": 2.92,
    "epsEstimated": 2.74,
    "time": "amc",
    "revenue": 51904000000,
    "revenueEstimated": 51534264670,
    "updatedFromDate": "2025-04-24",
    "fiscalDateEnding": "2022-02-13"
  },
  {
    "date": "2021-12-09",
    "symbol": "COST",
    "eps": 2.98,
    "epsEstimated": 2.64,
    "time": "amc",
    "revenue": 50363000000,
    "revenueEstimated": 49651758591,
    "updatedFromDate": "2025-04-24",
    "fiscalDateEnding": "2021-11-21"
  },
  {
    "date": "2021-09-23",
    "symbol": "COST",
    "eps": 3.9,
    "epsEstimated": 3.57,
    "time": "amc",
    "revenue": 62675000000,
    "revenueEstimated": 61405786462,
    "updatedFromDate": "2025-04-24",
    "fiscalDateEnding": "2021-08-29"
  },
  {
    "date": "2021-05-27",
    "symbol": "COST",
    "eps": 2.75,
    "epsEstimated": 2.34,
    "time": "amc",
    "revenue": 45277000000,
    "revenueEstimated": 37343850427,
    "updatedFromDate": "2025-04-24",
    "fiscalDateEnding": "2021-05-09"
  },
  {
    "date": "2021-03-04",
    "symbol": "COST",
    "eps": 2.14,
    "epsEstimated": 2.45,
    "time": "amc",
    "revenue": 44769000000,
    "revenueEstimated": 50433648979,
    "updatedFromDate": "2025-04-24",
    "fiscalDateEnding": "2021-02-14"
  },
  {
    "date": "2020-12-10",
    "symbol": "COST",
    "eps": 2.3,
    "epsEstimated": 2.05,
    "time": "amc",
    "revenue": 43208000000,
    "revenueEstimated": 37912901960,
    "updatedFromDate": "2025-04-24",
    "fiscalDateEnding": "2020-11-22"
  },
  {
    "date": "2020-09-24",
    "symbol": "COST",
    "eps": 3.04,
    "epsEstimated": 2.84,
    "time": "amc",
    "revenue": 53383000000,
    "revenueEstimated": 49870960526,
    "updatedFromDate": "2025-04-24",
    "fiscalDateEnding": "2020-08-30"
  },
  {
    "date": "2020-05-28",
    "symbol": "COST",
    "eps": 1.89,
    "epsEstimated": 1.95,
    "time": "amc",
    "revenue": 37266000000,
    "revenueEstimated": 38449047619,
    "updatedFromDate": "2025-04-24",
    "fiscalDateEnding": "2020-05-10"
  },
  {
    "date": "2020-03-05",
    "symbol": "COST",
    "eps": 2.1,
    "epsEstimated": 2.06,
    "time": "amc",
    "revenue": 39072000000,
    "revenueEstimated": 38327771428,
    "updatedFromDate": "2025-04-24",
    "fiscalDateEnding": "2020-02-16"
  },
  {
    "date": "2019-12-12",
    "symbol": "COST",
    "eps": 1.73,
    "epsEstimated": 1.72,
    "time": "amc",
    "revenue": 37040000000,
    "revenueEstimated": 36825895953,
    "updatedFromDate": "2025-04-24",
    "fiscalDateEnding": "2019-11-24"
  },
  {
    "date": "2019-10-03",
    "symbol": "COST",
    "eps": 2.69,
    "epsEstimated": 2.54,
    "time": "amc",
    "revenue": 47498000000,
    "revenueEstimated": 45025985130,
    "updatedFromDate": "2025-04-24",
    "fiscalDateEnding": "2019-09-01"
  },
  {
    "date": "2019-05-30",
    "symbol": "COST",
    "eps": 1.89,
    "epsEstimated": 1.82,
    "time": "amc",
    "revenue": 34740000000,
    "revenueEstimated": 33453333333,
    "updatedFromDate": "2025-04-24",
    "fiscalDateEnding": "2019-05-12"
  },
  {
    "date": "2019-03-07",
    "symbol": "COST",
    "eps": 2.01,
    "epsEstimated": 1.69,
    "time": "amc",
    "revenue": 35396000000,
    "revenueEstimated": 29760815920,
    "updatedFromDate": "2025-04-24",
    "fiscalDateEnding": "2019-02-17"
  },
  {
    "date": "2018-12-13",
    "symbol": "COST",
    "eps": 1.61,
    "epsEstimated": 1.62,
    "time": "amc",
    "revenue": 35069000000,
    "revenueEstimated": 35286819875,
    "updatedFromDate": "2025-04-24",
    "fiscalDateEnding": "2018-11-25"
  },
  {
    "date": "2018-10-04",
    "symbol": "COST",
    "eps": 2.36,
    "epsEstimated": 2.36,
    "time": "amc",
    "revenue": 44411000000,
    "revenueEstimated": 44411000000,
    "updatedFromDate": "2025-04-24",
    "fiscalDateEnding": "2018-09-02"
  },
  {
    "date": "2018-05-31",
    "symbol": "COST",
    "eps": 1.7,
    "epsEstimated": 1.69,
    "time": "amc",
    "revenue": 32361000000,
    "revenueEstimated": 32170641176,
    "updatedFromDate": "2025-04-24",
    "fiscalDateEnding": "2018-05-13"
  },
  {
    "date": "2018-03-07",
    "symbol": "COST",
    "eps": 1.42,
    "epsEstimated": 1.47,
    "time": "amc",
    "revenue": 32995000000,
    "revenueEstimated": 30504811320,
    "updatedFromDate": "2025-04-24",
    "fiscalDateEnding": "2018-02-18"
  },
  {
    "date": "2017-12-14",
    "symbol": "COST",
    "eps": 1.36,
    "epsEstimated": 1.34,
    "time": "amc",
    "revenue": 31809000000,
    "revenueEstimated": 29395903448,
    "updatedFromDate": "2025-04-24",
    "fiscalDateEnding": "2017-11-26"
  },
  {
    "date": "2017-10-05",
    "symbol": "COST",
    "eps": 2.08,
    "epsEstimated": 2.02,
    "time": "amc",
    "revenue": 42300000000,
    "revenueEstimated": 41079807692,
    "updatedFromDate": "2025-04-24",
    "fiscalDateEnding": "2017-09-03"
  },
  {
    "date": "2017-05-25",
    "symbol": "COST",
    "eps": 1.4,
    "epsEstimated": 1.31,
    "time": "amc",
    "revenue": 28860000000,
    "revenueEstimated": 27004714285,
    "updatedFromDate": "2025-04-24",
    "fiscalDateEnding": "2017-05-07"
  },
  {
    "date": "2017-03-02",
    "symbol": "COST",
    "eps": 1.17,
    "epsEstimated": 1.36,
    "time": "amc",
    "revenue": 29766000000,
    "revenueEstimated": 34599794871,
    "updatedFromDate": "2025-04-24",
    "fiscalDateEnding": "2017-02-12"
  },
  {
    "date": "2016-12-07",
    "symbol": "COST",
    "eps": 1.17,
    "epsEstimated": 1.19,
    "time": "amc",
    "revenue": 28099000000,
    "revenueEstimated": 28579324786,
    "updatedFromDate": "2025-04-24",
    "fiscalDateEnding": "2016-11-20"
  },
  {
    "date": "2016-09-29",
    "symbol": "COST",
    "eps": 1.77,
    "epsEstimated": 1.73,
    "time": "amc",
    "revenue": 36560000000,
    "revenueEstimated": 35733785310,
    "updatedFromDate": "2025-04-24",
    "fiscalDateEnding": "2016-08-28"
  },
  {
    "date": "2016-05-25",
    "symbol": "COST",
    "eps": 1.24,
    "epsEstimated": 1.22,
    "time": "amc",
    "revenue": 26769000000,
    "revenueEstimated": 26337241935,
    "updatedFromDate": "2025-04-24",
    "fiscalDateEnding": "2016-05-08"
  },
  {
    "date": "2016-03-02",
    "symbol": "COST",
    "eps": 1.24,
    "epsEstimated": 1.28,
    "time": "amc",
    "revenue": 28170000000,
    "revenueEstimated": 29078709677,
    "updatedFromDate": "2025-04-24",
    "fiscalDateEnding": "2016-02-14"
  },
  {
    "date": "2015-12-08",
    "symbol": "COST",
    "eps": 1.09,
    "epsEstimated": 1.17,
    "time": "amc",
    "revenue": 27220000000,
    "revenueEstimated": 29217798165,
    "updatedFromDate": "2025-04-24",
    "fiscalDateEnding": "2015-11-22"
  },
  {
    "date": "2015-09-30",
    "symbol": "COST",
    "eps": 1.73,
    "epsEstimated": 1.66,
    "time": "amc",
    "revenue": 35778000000,
    "revenueEstimated": 34330335260,
    "updatedFromDate": "2025-04-24",
    "fiscalDateEnding": "2015-08-30"
  },
  {
    "date": "2015-05-27",
    "symbol": "COST",
    "eps": 1.17,
    "epsEstimated": 1.15,
    "time": "amc",
    "revenue": 26101000000,
    "revenueEstimated": 25877914529,
    "updatedFromDate": "2025-04-24",
    "fiscalDateEnding": "2015-05-10"
  },
  {
    "date": "2015-03-05",
    "symbol": "COST",
    "eps": 1.25,
    "epsEstimated": 1.18,
    "time": "bmo",
    "revenue": 27454000000,
    "revenueEstimated": 25916576000,
    "updatedFromDate": "2025-04-24",
    "fiscalDateEnding": "2015-02-15"
  },
  {
    "date": "2014-12-10",
    "symbol": "COST",
    "eps": 1.12,
    "epsEstimated": 1.09,
    "time": "bmo",
    "revenue": 26866000000,
    "revenueEstimated": 26146375000,
    "updatedFromDate": "2025-04-24",
    "fiscalDateEnding": "2014-11-23"
  },
  {
    "date": "2014-10-08",
    "symbol": "COST",
    "eps": 1.58,
    "epsEstimated": 1.52,
    "time": "bmo",
    "revenue": 35523000000,
    "revenueEstimated": 34174025316,
    "updatedFromDate": "2025-04-24",
    "fiscalDateEnding": "2014-08-31"
  },
  {
    "date": "2014-05-29",
    "symbol": "COST",
    "eps": 1.07,
    "epsEstimated": 1.09,
    "time": "bmo",
    "revenue": 25794000000,
    "revenueEstimated": null,
    "updatedFromDate": "2025-04-24",
    "fiscalDateEnding": "2014-05-11"
  },
  {
    "date": "2014-03-06",
    "symbol": "COST",
    "eps": 1.05,
    "epsEstimated": 1.17,
    "time": "bmo",
    "revenue": 26306000000,
    "revenueEstimated": 29312399999,
    "updatedFromDate": "2025-04-24",
    "fiscalDateEnding": "2014-02-16"
  },
  {
    "date": "2013-12-11",
    "symbol": "COST",
    "eps": 0.96,
    "epsEstimated": 1.02,
    "time": "bmo",
    "revenue": 25017000000,
    "revenueEstimated": 26580562500,
    "updatedFromDate": "2025-04-24",
    "fiscalDateEnding": "2013-11-24"
  },
  {
    "date": "2013-10-09",
    "symbol": "COST",
    "eps": 1.4,
    "epsEstimated": 1.46,
    "time": "bmo",
    "revenue": 32487000000,
    "revenueEstimated": 33879300000,
    "updatedFromDate": "2025-04-24",
    "fiscalDateEnding": "2013-09-01"
  },
  {
    "date": "2013-05-30",
    "symbol": "COST",
    "eps": 1.04,
    "epsEstimated": 1.03,
    "time": "bmo",
    "revenue": 24083000000,
    "revenueEstimated": 23851432692,
    "updatedFromDate": "2025-04-24",
    "fiscalDateEnding": "2013-05-12"
  },
  {
    "date": "2013-03-12",
    "symbol": "COST",
    "eps": 1.1,
    "epsEstimated": 1.06,
    "time": "bmo",
    "revenue": 24871000000,
    "revenueEstimated": 23966600000,
    "updatedFromDate": "2025-04-24",
    "fiscalDateEnding": "2013-02-17"
  },
  {
    "date": "2012-12-12",
    "symbol": "COST",
    "eps": 0.95,
    "epsEstimated": 0.93,
    "time": "bmo",
    "revenue": 23715000000,
    "revenueEstimated": 23215736842,
    "updatedFromDate": "2025-04-24",
    "fiscalDateEnding": "2012-11-25"
  },
  {
    "date": "2012-10-10",
    "symbol": "COST",
    "eps": 1.39,
    "epsEstimated": 1.31,
    "time": "bmo",
    "revenue": 32218000000,
    "revenueEstimated": 30363726618,
    "updatedFromDate": "2025-04-24",
    "fiscalDateEnding": "2012-09-02"
  },
  {
    "date": "2012-05-24",
    "symbol": "COST",
    "eps": 0.88,
    "epsEstimated": 0.87,
    "time": "amc",
    "revenue": 22324000000,
    "revenueEstimated": null,
    "updatedFromDate": "2025-04-24",
    "fiscalDateEnding": "2012-05-06"
  },
  {
    "date": "2012-02-29",
    "symbol": "COST",
    "eps": 0.9,
    "epsEstimated": 0.87,
    "time": "bmo",
    "revenue": 22967000000,
    "revenueEstimated": 22201433333,
    "updatedFromDate": "2025-04-24",
    "fiscalDateEnding": "2012-02-12"
  },
  {
    "date": "2011-12-08",
    "symbol": "COST",
    "eps": 0.8,
    "epsEstimated": 0.8,
    "time": "bmo",
    "revenue": 21628000000,
    "revenueEstimated": 21628000000,
    "updatedFromDate": "2025-04-24",
    "fiscalDateEnding": "2011-11-20"
  },
  {
    "date": "2011-10-05",
    "symbol": "COST",
    "eps": 1.08,
    "epsEstimated": 1.1,
    "time": "bmo",
    "revenue": 28178000000,
    "revenueEstimated": 28699814814,
    "updatedFromDate": "2025-04-24",
    "fiscalDateEnding": "2011-08-28"
  },
  {
    "date": "2011-05-25",
    "symbol": "COST",
    "eps": 0.73,
    "epsEstimated": 0.77,
    "time": "amc",
    "revenue": 20623000000,
    "revenueEstimated": null,
    "updatedFromDate": "2025-04-24",
    "fiscalDateEnding": "2011-05-08"
  },
  {
    "date": "2011-03-02",
    "symbol": "COST",
    "eps": 0.79,
    "epsEstimated": 0.79,
    "time": "bmo",
    "revenue": 20875000000,
    "revenueEstimated": 20875000000,
    "updatedFromDate": "2025-04-24",
    "fiscalDateEnding": "2011-02-13"
  },
  {
    "date": "2010-12-08",
    "symbol": "COST",
    "eps": 0.71,
    "epsEstimated": 0.69,
    "time": "bmo",
    "revenue": 19239000000,
    "revenueEstimated": 18697056338,
    "updatedFromDate": "2025-04-24",
    "fiscalDateEnding": "2010-11-21"
  },
  {
    "date": "2010-10-06",
    "symbol": "COST",
    "eps": 0.97,
    "epsEstimated": 0.95,
    "time": "bmo",
    "revenue": 24125000000,
    "revenueEstimated": 23627577319,
    "updatedFromDate": "2025-04-24",
    "fiscalDateEnding": "2010-08-29"
  },
  {
    "date": "2010-05-27",
    "symbol": "COST",
    "eps": 0.66,
    "epsEstimated": 0.66,
    "time": "amc",
    "revenue": 17780000000,
    "revenueEstimated": null,
    "updatedFromDate": "2025-04-24",
    "fiscalDateEnding": "2010-05-09"
  },
  {
    "date": "2010-03-03",
    "symbol": "COST",
    "eps": 0.7,
    "epsEstimated": 0.72,
    "time": "bmo",
    "revenue": 18742000000,
    "revenueEstimated": 19277485714,
    "updatedFromDate": "2025-04-24",
    "fiscalDateEnding": "2010-02-14"
  },
  {
    "date": "2009-12-10",
    "symbol": "COST",
    "eps": 0.6,
    "epsEstimated": 0.6,
    "time": "bmo",
    "revenue": 17299000000,
    "revenueEstimated": 17299000000,
    "updatedFromDate": "2025-04-24",
    "fiscalDateEnding": "2009-11-22"
  },
  {
    "date": "2009-10-07",
    "symbol": "COST",
    "eps": 0.85,
    "epsEstimated": 0.77,
    "time": "bmo",
    "revenue": 22378000000,
    "revenueEstimated": 20271835294,
    "updatedFromDate": "2025-04-24",
    "fiscalDateEnding": "2009-08-30"
  },
  {
    "date": "2009-05-28",
    "symbol": "COST",
    "eps": 0.52,
    "epsEstimated": 0.53,
    "time": "amc",
    "revenue": 15806000000,
    "revenueEstimated": null,
    "updatedFromDate": "2025-04-24",
    "fiscalDateEnding": "2009-05-10"
  },
  {
    "date": "2009-03-04",
    "symbol": "COST",
    "eps": 0.55,
    "epsEstimated": 0.59,
    "time": "bmo",
    "revenue": 16843000000,
    "revenueEstimated": 18067945454,
    "updatedFromDate": "2025-04-24",
    "fiscalDateEnding": "2009-02-15"
  },
  {
    "date": "2008-12-11",
    "symbol": "COST",
    "eps": 0.65,
    "epsEstimated": 0.62,
    "time": "bmo",
    "revenue": 16395000000,
    "revenueEstimated": 15638307692,
    "updatedFromDate": "2025-04-24",
    "fiscalDateEnding": "2008-11-23"
  },
  {
    "date": "2008-10-08",
    "symbol": "COST",
    "eps": 0.92,
    "epsEstimated": 0.93,
    "time": "bmo",
    "revenue": 23099887000,
    "revenueEstimated": 23351086956,
    "updatedFromDate": "2025-04-24",
    "fiscalDateEnding": "2008-08-31"
  },
  {
    "date": "2008-05-29",
    "symbol": "COST",
    "eps": 0.67,
    "epsEstimated": 0.65,
    "time": "amc",
    "revenue": 16613717000,
    "revenueEstimated": null,
    "updatedFromDate": "2025-04-24",
    "fiscalDateEnding": "2008-05-11"
  },
  {
    "date": "2008-03-05",
    "symbol": "COST",
    "eps": 0.74,
    "epsEstimated": 0.74,
    "time": "bmo",
    "revenue": 16959886000,
    "revenueEstimated": 16960000000,
    "updatedFromDate": "2025-04-24",
    "fiscalDateEnding": "2008-02-17"
  },
  {
    "date": "2007-12-13",
    "symbol": "COST",
    "eps": 0.59,
    "epsEstimated": 0.59,
    "time": "bmo",
    "revenue": 15809530000,
    "revenueEstimated": 15810000000,
    "updatedFromDate": "2025-04-24",
    "fiscalDateEnding": "2007-11-25"
  },
  {
    "date": "2007-10-10",
    "symbol": "COST",
    "eps": 0.91,
    "epsEstimated": 0.83,
    "time": "bmo",
    "revenue": 20477260000,
    "revenueEstimated": 18676824175,
    "updatedFromDate": "2025-04-24",
    "fiscalDateEnding": "2007-09-02"
  },
  {
    "date": "2007-05-31",
    "symbol": "COST",
    "eps": 0.56,
    "epsEstimated": 0.56,
    "time": "bmo",
    "revenue": 14659255000,
    "revenueEstimated": 14659000000,
    "updatedFromDate": "2025-04-24",
    "fiscalDateEnding": "2007-05-13"
  },
  {
    "date": "2007-03-08",
    "symbol": "COST",
    "eps": 0.66,
    "epsEstimated": 0.66,
    "time": "bmo",
    "revenue": 15112016000,
    "revenueEstimated": 15112000000,
    "updatedFromDate": "2025-04-24",
    "fiscalDateEnding": "2007-02-18"
  },
  {
    "date": "2006-12-14",
    "symbol": "COST",
    "eps": 0.51,
    "epsEstimated": 0.5,
    "time": "bmo",
    "revenue": 14151624000,
    "revenueEstimated": 13874509803,
    "updatedFromDate": "2025-04-24",
    "fiscalDateEnding": "2006-11-26"
  },
  {
    "date": "2006-10-12",
    "symbol": "COST",
    "eps": 0.75,
    "epsEstimated": 0.73,
    "time": "bmo",
    "revenue": 19896123000,
    "revenueEstimated": 19345000000,
    "updatedFromDate": "2025-04-24",
    "fiscalDateEnding": "2006-09-03"
  },
  {
    "date": "2006-05-31",
    "symbol": "COST",
    "eps": 0.49,
    "epsEstimated": 0.5,
    "time": "bmo",
    "revenue": 13273175000,
    "revenueEstimated": 13555102040,
    "updatedFromDate": "2025-04-24",
    "fiscalDateEnding": "2006-05-07"
  },
  {
    "date": "2006-03-02",
    "symbol": "COST",
    "eps": 0.62,
    "epsEstimated": 0.6,
    "time": "bmo",
    "revenue": 14054576000,
    "revenueEstimated": 13605483870,
    "updatedFromDate": "2025-04-24",
    "fiscalDateEnding": "2006-02-12"
  },
  {
    "date": "2005-12-08",
    "symbol": "COST",
    "eps": 0.45,
    "epsEstimated": 0.45,
    "time": "bmo",
    "revenue": 12927353000,
    "revenueEstimated": 12933000000,
    "updatedFromDate": "2025-04-24",
    "fiscalDateEnding": "2005-11-20"
  },
  {
    "date": "2005-09-01",
    "symbol": "COST",
    "eps": 0.66,
    "epsEstimated": 0.65,
    "time": "bmo",
    "revenue": 16702248000,
    "revenueEstimated": 16452923076,
    "updatedFromDate": "2025-04-24",
    "fiscalDateEnding": "2005-08-28"
  },
  {
    "date": "2005-05-26",
    "symbol": "COST",
    "eps": 0.43,
    "epsEstimated": 0.42,
    "time": "amc",
    "revenue": 11996900000,
    "revenueEstimated": null,
    "updatedFromDate": "2025-04-24",
    "fiscalDateEnding": "2005-05-08"
  },
  {
    "date": "2005-03-02",
    "symbol": "COST",
    "eps": 0.54,
    "epsEstimated": 0.55,
    "time": "bmo",
    "revenue": 12658077000,
    "revenueEstimated": 12892407407,
    "updatedFromDate": "2025-04-24",
    "fiscalDateEnding": "2005-02-13"
  },
  {
    "date": "2004-12-09",
    "symbol": "COST",
    "eps": 0.4,
    "epsEstimated": 0.4,
    "time": "bmo",
    "revenue": 11578003000,
    "revenueEstimated": 11578000000,
    "updatedFromDate": "2025-04-24",
    "fiscalDateEnding": "2004-11-21"
  },
  {
    "date": "2004-10-07",
    "symbol": "COST",
    "eps": 0.62,
    "epsEstimated": 0.58,
    "time": "bmo",
    "revenue": 15139301000,
    "revenueEstimated": 14162290322,
    "updatedFromDate": "2025-04-24",
    "fiscalDateEnding": "2004-08-29"
  },
  {
    "date": "2004-06-17",
    "symbol": "COST",
    "eps": 0.42,
    "epsEstimated": 0.38,
    "time": "bmo",
    "revenue": 10897239000,
    "revenueEstimated": 9859190476,
    "updatedFromDate": "2025-04-24",
    "fiscalDateEnding": "2004-05-09"
  },
  {
    "date": "2004-03-03",
    "symbol": "COST",
    "eps": 0.48,
    "epsEstimated": 0.47,
    "time": "bmo",
    "revenue": 11548974000,
    "revenueEstimated": 11308395833,
    "updatedFromDate": "2025-04-24",
    "fiscalDateEnding": "2004-02-15"
  },
  {
    "date": "2003-12-09",
    "symbol": "COST",
    "eps": 0.34,
    "epsEstimated": 0.31,
    "time": "bmo",
    "revenue": 10521478000,
    "revenueEstimated": 12482058823,
    "updatedFromDate": "2025-04-24",
    "fiscalDateEnding": "2003-11-23"
  },
  {
    "date": "2003-10-08",
    "symbol": "COST",
    "eps": 0.51,
    "epsEstimated": 0.47,
    "time": "bmo",
    "revenue": 13689729000,
    "revenueEstimated": 12616274509,
    "updatedFromDate": "2025-04-24",
    "fiscalDateEnding": "2003-08-31"
  },
  {
    "date": "2003-05-28",
    "symbol": "COST",
    "eps": 0.33,
    "epsEstimated": 0.31,
    "time": "amc",
    "revenue": 9543071000,
    "revenueEstimated": null,
    "updatedFromDate": "2025-04-24",
    "fiscalDateEnding": "2003-05-11"
  },
  {
    "date": "2003-03-05",
    "symbol": "COST",
    "eps": 0.39,
    "epsEstimated": 0.43,
    "time": "bmo",
    "revenue": 10114167000,
    "revenueEstimated": 11151333333,
    "updatedFromDate": "2025-04-24",
    "fiscalDateEnding": "2003-02-16"
  },
  {
    "date": "2002-12-12",
    "symbol": "COST",
    "eps": 0.31,
    "epsEstimated": 0.31,
    "time": "bmo",
    "revenue": 9198585000,
    "revenueEstimated": 9199000000,
    "updatedFromDate": "2025-04-24",
    "fiscalDateEnding": "2002-11-24"
  },
  {
    "date": "2002-10-10",
    "symbol": "COST",
    "eps": 0.52,
    "epsEstimated": 0.49,
    "time": "bmo",
    "revenue": 12296347000,
    "revenueEstimated": 11586615384,
    "updatedFromDate": "2025-04-24",
    "fiscalDateEnding": "2002-09-01"
  },
  {
    "date": "2002-05-30",
    "symbol": "COST",
    "eps": 0.28,
    "epsEstimated": 0.27,
    "time": "bmo",
    "revenue": 8616747000,
    "revenueEstimated": 8309250000,
    "updatedFromDate": "2025-04-24",
    "fiscalDateEnding": "2002-05-12"
  },
  {
    "date": "2002-03-05",
    "symbol": "COST",
    "eps": 0.41,
    "epsEstimated": 0.41,
    "time": "bmo",
    "revenue": 9382852000,
    "revenueEstimated": 9383000000,
    "updatedFromDate": "2025-04-24",
    "fiscalDateEnding": "2002-02-17"
  },
  {
    "date": "2001-12-13",
    "symbol": "COST",
    "eps": 0.28,
    "epsEstimated": 0.28,
    "time": "bmo",
    "revenue": 8466553000,
    "revenueEstimated": 8467000000,
    "updatedFromDate": "2025-04-24",
    "fiscalDateEnding": "2001-11-25"
  },
  {
    "date": "2001-10-11",
    "symbol": "COST",
    "eps": 0.41,
    "epsEstimated": 0.4,
    "time": "bmo",
    "revenue": 11134555000,
    "revenueEstimated": 10856625000,
    "updatedFromDate": "2025-04-24",
    "fiscalDateEnding": "2001-09-02"
  },
  {
    "date": "2001-05-31",
    "symbol": "COST",
    "eps": 0.23,
    "epsEstimated": 0.23,
    "time": "bmo",
    "revenue": 7718895000,
    "revenueEstimated": null,
    "updatedFromDate": "2025-04-24",
    "fiscalDateEnding": "2001-05-13"
  },
  {
    "date": "2001-03-08",
    "symbol": "COST",
    "eps": 0.38,
    "epsEstimated": 0.38,
    "time": "bmo",
    "revenue": 8306309000,
    "revenueEstimated": 8306000000,
    "updatedFromDate": "2025-04-24",
    "fiscalDateEnding": "2001-02-18"
  },
  {
    "date": "2000-12-14",
    "symbol": "COST",
    "eps": 0.28,
    "epsEstimated": 0.28,
    "time": "bmo",
    "revenue": 7637278000,
    "revenueEstimated": 7637000000,
    "updatedFromDate": "2025-04-24",
    "fiscalDateEnding": "2000-11-26"
  },
  {
    "date": "2000-10-12",
    "symbol": "COST",
    "eps": 0.43,
    "epsEstimated": 0.43,
    "time": "bmo",
    "revenue": 10589189000,
    "revenueEstimated": 10589000000,
    "updatedFromDate": "2025-04-24",
    "fiscalDateEnding": "2000-09-03"
  },
  {
    "date": "2000-05-24",
    "symbol": "COST",
    "eps": 0.26,
    "epsEstimated": 0.27,
    "time": "amc",
    "revenue": 6894608000,
    "revenueEstimated": null,
    "updatedFromDate": "2025-04-24",
    "fiscalDateEnding": "2000-05-07"
  },
  {
    "date": "2000-03-02",
    "symbol": "COST",
    "eps": 0.41,
    "epsEstimated": 0.38,
    "time": "bmo",
    "revenue": 7737000000,
    "revenueEstimated": 7126184210,
    "updatedFromDate": "2025-04-24",
    "fiscalDateEnding": "2000-02-13"
  },
  {
    "date": "1999-12-09",
    "symbol": "COST",
    "eps": 0.28,
    "epsEstimated": 0.27,
    "time": "bmo",
    "revenue": 6943500000,
    "revenueEstimated": 6686814814,
    "updatedFromDate": "2025-04-24",
    "fiscalDateEnding": "1999-11-21"
  },
  {
    "date": "1999-10-06",
    "symbol": "COST",
    "eps": 0.4,
    "epsEstimated": 0.38,
    "time": "bmo",
    "revenue": 8811700000,
    "revenueEstimated": 8348210526,
    "updatedFromDate": "2025-04-24",
    "fiscalDateEnding": "1999-08-29"
  },
  {
    "date": "1999-05-26",
    "symbol": "COST",
    "eps": 0.23,
    "epsEstimated": 0.22,
    "time": "amc",
    "revenue": 6053800000,
    "revenueEstimated": null,
    "updatedFromDate": "2025-04-24",
    "fiscalDateEnding": "1999-05-09"
  },
  {
    "date": "1999-03-04",
    "symbol": "COST",
    "eps": 0.35,
    "epsEstimated": 0.32,
    "time": "bmo",
    "revenue": 6592400000,
    "revenueEstimated": 5974000000,
    "updatedFromDate": "2025-04-24",
    "fiscalDateEnding": "1999-02-14"
  },
  {
    "date": "1998-12-17",
    "symbol": "COST",
    "eps": 0.23,
    "epsEstimated": 0.23,
    "time": "bmo",
    "revenue": 5998100000,
    "revenueEstimated": 5998000000,
    "updatedFromDate": "2025-04-24",
    "fiscalDateEnding": "1998-11-22"
  },
  {
    "date": "1998-10-08",
    "symbol": "COST",
    "eps": 0.33,
    "epsEstimated": 0.32,
    "time": "bmo",
    "revenue": 7707000000,
    "revenueEstimated": 7466156250,
    "updatedFromDate": "2025-04-24",
    "fiscalDateEnding": "1998-08-30"
  },
  {
    "date": "1998-05-28",
    "symbol": "COST",
    "eps": 0.2,
    "epsEstimated": 0.18,
    "time": "amc",
    "revenue": 5338100000,
    "revenueEstimated": null,
    "updatedFromDate": "2025-04-24",
    "fiscalDateEnding": "1998-05-10"
  },
  {
    "date": "1998-03-12",
    "symbol": "COST",
    "eps": 0.28,
    "epsEstimated": 0.27,
    "time": "bmo",
    "revenue": 5795000000,
    "revenueEstimated": 5580370370,
    "updatedFromDate": "2025-04-24",
    "fiscalDateEnding": "1998-02-15"
  },
  {
    "date": "1997-12-18",
    "symbol": "COST",
    "eps": 0.22,
    "epsEstimated": 0.21,
    "time": "bmo",
    "revenue": 5429800000,
    "revenueEstimated": 5171428571,
    "updatedFromDate": "2025-04-24",
    "fiscalDateEnding": "1997-11-23"
  },
  {
    "date": "1997-10-14",
    "symbol": "COST",
    "eps": 0.27,
    "epsEstimated": 0.26,
    "time": "bmo",
    "revenue": 6915900000,
    "revenueEstimated": 6649903846,
    "updatedFromDate": "2025-04-24",
    "fiscalDateEnding": "1997-08-31"
  },
  {
    "date": "1997-07-15",
    "symbol": "COST",
    "eps": 0.16,
    "epsEstimated": 0.14,
    "time": "amc",
    "revenue": 4836200000,
    "revenueEstimated": null,
    "updatedFromDate": "2025-04-24",
    "fiscalDateEnding": "1997-05-11"
  },
  {
    "date": "1997-03-13",
    "symbol": "COST",
    "eps": 0.23,
    "epsEstimated": 0.21,
    "time": "bmo",
    "revenue": 5238900000,
    "revenueEstimated": 4740047619,
    "updatedFromDate": "2025-04-24",
    "fiscalDateEnding": "1997-02-16"
  },
  {
    "date": "1996-12-17",
    "symbol": "COST",
    "eps": 0.17,
    "epsEstimated": 0.15,
    "time": "bmo",
    "revenue": 4883400000,
    "revenueEstimated": 4231933333,
    "updatedFromDate": "2025-04-24",
    "fiscalDateEnding": "1996-11-24"
  },
  {
    "date": "1996-10-10",
    "symbol": "COST",
    "eps": 0.21,
    "epsEstimated": 0.21,
    "time": "bmo",
    "revenue": 6182800000,
    "revenueEstimated": 6183000000,
    "updatedFromDate": "2025-04-24",
    "fiscalDateEnding": "1996-09-01"
  },
  {
    "date": "1996-06-05",
    "symbol": "COST",
    "eps": 0.12,
    "epsEstimated": 0.1,
    "time": "bmo",
    "revenue": 4311500000,
    "revenueEstimated": 3448800000,
    "updatedFromDate": "2025-04-24",
    "fiscalDateEnding": "1996-05-12"
  },
  {
    "date": "1996-03-21",
    "symbol": "COST",
    "eps": 0.18,
    "epsEstimated": 0.17,
    "time": "bmo",
    "revenue": 4688700000,
    "revenueEstimated": 4413176470,
    "updatedFromDate": "2025-04-24",
    "fiscalDateEnding": "1996-02-18"
  },
  {
    "date": "1995-12-19",
    "symbol": "COST",
    "eps": 0.13,
    "epsEstimated": 0.13,
    "time": "bmo",
    "revenue": 4383600000,
    "revenueEstimated": 4384000000,
    "updatedFromDate": "2025-04-24",
    "fiscalDateEnding": "1995-11-26"
  },
  {
    "date": "1995-10-26",
    "symbol": "COST",
    "eps": 0.18,
    "epsEstimated": 0.18,
    "time": "bmo",
    "revenue": 5672400000,
    "revenueEstimated": 6014000000,
    "updatedFromDate": "2025-04-24",
    "fiscalDateEnding": "1995-09-03"
  },
  {
    "date": "1995-06-15",
    "symbol": "COST",
    "eps": 0.09,
    "epsEstimated": 0.09,
    "time": "bmo",
    "revenue": 3896200000,
    "revenueEstimated": 3896000000,
    "updatedFromDate": "2025-04-24",
    "fiscalDateEnding": "1995-05-07"
  },
  {
    "date": "1995-03-23",
    "symbol": "COST",
    "eps": 0.16,
    "epsEstimated": 0.16,
    "time": "bmo",
    "revenue": 4307300000,
    "revenueEstimated": 4307000000,
    "updatedFromDate": "2025-04-24",
    "fiscalDateEnding": "1995-02-12"
  },
  {
    "date": "1994-12-13",
    "symbol": "COST",
    "eps": 0.11,
    "epsEstimated": 0.12,
    "time": "bmo",
    "revenue": 4029900000,
    "revenueEstimated": 4396363636,
    "updatedFromDate": "2025-04-24",
    "fiscalDateEnding": "1994-11-20"
  },
  {
    "date": "1994-10-27",
    "symbol": "COST",
    "eps": 0.14,
    "epsEstimated": 0.15,
    "time": "bmo",
    "revenue": 5072000000,
    "revenueEstimated": 5449285714,
    "updatedFromDate": "2025-04-24",
    "fiscalDateEnding": "1994-08-28"
  },
  {
    "date": "1994-06-07",
    "symbol": "COST",
    "eps": 0.08,
    "epsEstimated": 0.08,
    "time": "bmo",
    "revenue": 3619600000,
    "revenueEstimated": 3616000000,
    "updatedFromDate": "2025-04-24",
    "fiscalDateEnding": "1994-05-08"
  },
  {
    "date": "1994-03-22",
    "symbol": "COST",
    "eps": 0.14,
    "epsEstimated": 0.15,
    "time": "bmo",
    "revenue": 4101400000,
    "revenueEstimated": 4390714285,
    "updatedFromDate": "2025-04-24",
    "fiscalDateEnding": "1994-02-13"
  },
  {
    "date": "1993-12-17",
    "symbol": "COST",
    "eps": 0.1,
    "epsEstimated": 0.1,
    "time": "bmo",
    "revenue": 3687600000,
    "revenueEstimated": 3687600000,
    "updatedFromDate": "2025-04-24",
    "fiscalDateEnding": "1993-11-21"
  },
  {
    "date": "1993-10-27",
    "symbol": "COST",
    "eps": 0.17,
    "epsEstimated": 0.15,
    "time": "amc",
    "revenue": 9201600000,
    "revenueEstimated": null,
    "updatedFromDate": "2025-04-24",
    "fiscalDateEnding": "1993-08-31"
  },
  {
    "date": "1993-06-16",
    "symbol": "COST",
    "eps": 0.08,
    "epsEstimated": 0.09,
    "time": "amc",
    "revenue": 1729100000,
    "revenueEstimated": null,
    "updatedFromDate": "2025-04-24",
    "fiscalDateEnding": "1993-05-31"
  },
  {
    "date": "1993-03-26",
    "symbol": "COST",
    "eps": 0.14,
    "epsEstimated": 0.14,
    "time": "amc",
    "revenue": 1634300000,
    "revenueEstimated": null,
    "updatedFromDate": "2025-04-24",
    "fiscalDateEnding": "1993-02-28"
  },
  {
    "date": "1993-01-06",
    "symbol": "COST",
    "eps": 0.1,
    "epsEstimated": 0.1,
    "time": "amc",
    "revenue": 1689000000,
    "revenueEstimated": null,
    "updatedFromDate": "2025-04-24",
    "fiscalDateEnding": "1992-08-31"
  },
  {
    "date": "1992-11-29",
    "symbol": "COST",
    "eps": 0.22,
    "epsEstimated": null,
    "time": "amc",
    "revenue": 2589700000,
    "revenueEstimated": null,
    "updatedFromDate": "2025-04-24",
    "fiscalDateEnding": "1992-11-30"
  },
  {
    "date": "1992-05-30",
    "symbol": "COST",
    "eps": 0.14,
    "epsEstimated": null,
    "time": "amc",
    "revenue": 1658300000,
    "revenueEstimated": null,
    "updatedFromDate": "2025-04-24",
    "fiscalDateEnding": "1992-05-31"
  },
  {
    "date": "1992-02-28",
    "symbol": "COST",
    "eps": 0.1,
    "epsEstimated": null,
    "time": "amc",
    "revenue": 1519200000,
    "revenueEstimated": null,
    "updatedFromDate": "2025-04-24",
    "fiscalDateEnding": "1992-02-29"
  },
  {
    "date": "1991-11-29",
    "symbol": "COST",
    "eps": 0.23,
    "epsEstimated": null,
    "time": "amc",
    "revenue": 2453700000,
    "revenueEstimated": null,
    "updatedFromDate": "2025-04-24",
    "fiscalDateEnding": "1991-11-30"
  },
  {
    "date": "1991-08-30",
    "symbol": "COST",
    "eps": 0.163,
    "epsEstimated": null,
    "time": "amc",
    "revenue": 1569700000,
    "revenueEstimated": null,
    "updatedFromDate": "2025-04-24",
    "fiscalDateEnding": "1991-08-31"
  },
  {
    "date": "1991-05-30",
    "symbol": "COST",
    "eps": 0.12,
    "epsEstimated": null,
    "time": "amc",
    "revenue": 1504300000,
    "revenueEstimated": null,
    "updatedFromDate": "2025-04-24",
    "fiscalDateEnding": "1991-05-31"
  },
  {
    "date": "1991-02-27",
    "symbol": "COST",
    "eps": 0.13,
    "epsEstimated": null,
    "time": "amc",
    "revenue": 1362000000,
    "revenueEstimated": null,
    "updatedFromDate": "2025-04-24",
    "fiscalDateEnding": "1991-02-28"
  },
  {
    "date": "1990-11-29",
    "symbol": "COST",
    "eps": 0.22,
    "epsEstimated": null,
    "time": "amc",
    "revenue": 2162100000,
    "revenueEstimated": null,
    "updatedFromDate": "2025-04-24",
    "fiscalDateEnding": "1990-11-30"
  },
  {
    "date": "1990-08-30",
    "symbol": "COST",
    "eps": 0.1506,
    "epsEstimated": null,
    "time": "amc",
    "revenue": 1200200000,
    "revenueEstimated": null,
    "updatedFromDate": "2025-04-24",
    "fiscalDateEnding": "1990-08-31"
  },
  {
    "date": "1990-05-30",
    "symbol": "COST",
    "eps": 0.11,
    "epsEstimated": null,
    "time": "amc",
    "revenue": 1176700000,
    "revenueEstimated": null,
    "updatedFromDate": "2025-04-24",
    "fiscalDateEnding": "1990-05-31"
  },
  {
    "date": "1990-02-27",
    "symbol": "COST",
    "eps": 0.12,
    "epsEstimated": null,
    "time": "amc",
    "revenue": 1093000000,
    "revenueEstimated": null,
    "updatedFromDate": "2025-04-24",
    "fiscalDateEnding": "1990-02-28"
  },
  {
    "date": "1989-11-29",
    "symbol": "COST",
    "eps": 0.2,
    "epsEstimated": null,
    "time": "amc",
    "revenue": 1816500000,
    "revenueEstimated": null,
    "updatedFromDate": "2025-04-24",
    "fiscalDateEnding": "1989-11-30"
  },
  {
    "date": "1989-08-30",
    "symbol": "COST",
    "eps": 0.1378,
    "epsEstimated": null,
    "time": "amc",
    "revenue": 4901200000,
    "revenueEstimated": null,
    "updatedFromDate": "2025-04-24",
    "fiscalDateEnding": "1989-08-31"
  },
  {
    "date": "1989-05-30",
    "symbol": "COST",
    "eps": 0.1,
    "epsEstimated": null,
    "time": "amc",
    "revenue": 1086000000,
    "revenueEstimated": null,
    "updatedFromDate": "2025-04-24",
    "fiscalDateEnding": "1989-05-31"
  },
  {
    "date": "1989-02-27",
    "symbol": "COST",
    "eps": 0.12,
    "epsEstimated": null,
    "time": "amc",
    "revenue": 1035200000,
    "revenueEstimated": null,
    "updatedFromDate": "2025-04-24",
    "fiscalDateEnding": "1989-02-28"
  },
  {
    "date": "1988-11-29",
    "symbol": "COST",
    "eps": 0.19,
    "epsEstimated": null,
    "time": "amc",
    "revenue": 1567300000,
    "revenueEstimated": null,
    "updatedFromDate": "2025-04-24",
    "fiscalDateEnding": "1988-11-30"
  },
  {
    "date": "1988-08-30",
    "symbol": "COST",
    "eps": 0.115,
    "epsEstimated": null,
    "time": "amc",
    "revenue": 4053400000,
    "revenueEstimated": null,
    "updatedFromDate": "2025-04-24",
    "fiscalDateEnding": "1988-08-31"
  },
  {
    "date": "1988-05-30",
    "symbol": "COST",
    "eps": 0.09,
    "epsEstimated": null,
    "time": "amc",
    "revenue": 960500000,
    "revenueEstimated": null,
    "updatedFromDate": "2025-04-24",
    "fiscalDateEnding": "1988-05-31"
  },
  {
    "date": "1988-02-28",
    "symbol": "COST",
    "eps": 0.1,
    "epsEstimated": null,
    "time": "amc",
    "revenue": 842600000,
    "revenueEstimated": null,
    "updatedFromDate": "2025-04-24",
    "fiscalDateEnding": "1988-02-29"
  },
  {
    "date": "1987-11-29",
    "symbol": "COST",
    "eps": 0.15,
    "epsEstimated": null,
    "time": "amc",
    "revenue": 1283100000,
    "revenueEstimated": null,
    "updatedFromDate": "2025-04-24",
    "fiscalDateEnding": "1987-11-30"
  },
  {
    "date": "1987-08-30",
    "symbol": "COST",
    "eps": 0.0875,
    "epsEstimated": null,
    "time": "amc",
    "revenue": 3305700000,
    "revenueEstimated": null,
    "updatedFromDate": "2025-04-24",
    "fiscalDateEnding": "1987-08-31"
  },
  {
    "date": "1987-05-30",
    "symbol": "COST",
    "eps": 0.07,
    "epsEstimated": null,
    "time": "amc",
    "revenue": 738900000,
    "revenueEstimated": null,
    "updatedFromDate": "2025-04-24",
    "fiscalDateEnding": "1987-05-31"
  },
  {
    "date": "1987-02-27",
    "symbol": "COST",
    "eps": 0.08,
    "epsEstimated": null,
    "time": "amc",
    "revenue": 678700000,
    "revenueEstimated": null,
    "updatedFromDate": "2025-04-24",
    "fiscalDateEnding": "1987-02-28"
  },
  {
    "date": "1986-11-29",
    "symbol": "COST",
    "eps": 0.11,
    "epsEstimated": null,
    "time": "amc",
    "revenue": 1032200000,
    "revenueEstimated": null,
    "updatedFromDate": "2025-04-24",
    "fiscalDateEnding": "1986-11-30"
  },
  {
    "date": "1986-08-30",
    "symbol": "COST",
    "eps": 0.075,
    "epsEstimated": null,
    "time": "amc",
    "revenue": 2648600000,
    "revenueEstimated": null,
    "updatedFromDate": "2025-04-24",
    "fiscalDateEnding": "1986-08-31"
  },
  {
    "date": "1986-05-30",
    "symbol": "COST",
    "eps": 0.06,
    "epsEstimated": null,
    "time": "amc",
    "revenue": 605100000,
    "revenueEstimated": null,
    "updatedFromDate": "2025-04-24",
    "fiscalDateEnding": "1986-05-31"
  },
  {
    "date": "1986-02-27",
    "symbol": "COST",
    "eps": 0.07,
    "epsEstimated": null,
    "time": "amc",
    "revenue": 531000000,
    "revenueEstimated": null,
    "updatedFromDate": "2025-04-24",
    "fiscalDateEnding": "1986-02-28"
  },
  {
    "date": "1985-11-29",
    "symbol": "COST",
    "eps": 0.1,
    "epsEstimated": null,
    "time": "amc",
    "revenue": 815600000,
    "revenueEstimated": null,
    "updatedFromDate": "2025-04-24",
    "fiscalDateEnding": "1985-11-30"
  },
  {
    "date": "1985-08-30",
    "symbol": "COST",
    "eps": 0.06,
    "epsEstimated": null,
    "time": "amc",
    "revenue": 1834000000,
    "revenueEstimated": null,
    "updatedFromDate": "2025-04-24",
    "fiscalDateEnding": "1985-08-31"
  }
]