[
  {
    "date": "2026-04-01",
    "symbol": "XOM",
    "eps": null,
    "epsEstimated": null,
    "time": "bmo",
    "revenue": null,
    "revenueEstimated": null,
    "updatedFromDate": "2026-01-23",
    "fiscalDateEnding": "2026-03-30"
  },
  {
    "date": "2026-01-30",
    "symbol": "XOM",
    "eps": null,
    "epsEstimated": 1.67,
    "time": "bmo",
    "revenue": null,
    "revenueEstimated": 78211989900,
    "updatedFromDate": "2026-01-23",
    "fiscalDateEnding": "2025-12-30"
  },
  {
    "date": "2025-10-31",
    "symbol": "XOM",
    "eps": 1.88,
    "epsEstimated": 1.82,
    "time": "bmo",
    "revenue": 85294000000,
    "revenueEstimated": 86465744162,
    "updatedFromDate": "2025-11-03",
    "fiscalDateEnding": "2025-09-30"
  },
  {
    "date": "2025-08-01",
    "symbol": "XOM",
    "eps": 1.64,
    "epsEstimated": 1.57,
    "time": "bmo",
    "revenue": 79477000000,
    "revenueEstimated": 80697411038,
    "updatedFromDate": "2025-11-03",
    "fiscalDateEnding": "2025-06-30"
  },
  {
    "date": "2025-05-02",
    "symbol": "XOM",
    "eps": 1.76,
    "epsEstimated": 1.75,
    "time": "bmo",
    "revenue": 81058000000,
    "revenueEstimated": 86351703669,
    "updatedFromDate": "2025-11-03",
    "fiscalDateEnding": "2025-03-31"
  },
  {
    "date": "2025-01-31",
    "symbol": "XOM",
    "eps": 1.67,
    "epsEstimated": 1.77,
    "time": "bmo",
    "revenue": 81058000000,
    "revenueEstimated": 86333750492,
    "updatedFromDate": "2025-11-03",
    "fiscalDateEnding": "2024-12-31"
  },
  {
    "date": "2024-11-01",
    "symbol": "XOM",
    "eps": 1.92,
    "epsEstimated": 1.88,
    "time": "bmo",
    "revenue": 87792000000,
    "revenueEstimated": 89966012027,
    "updatedFromDate": "2025-11-03",
    "fiscalDateEnding": "2024-09-30"
  },
  {
    "date": "2024-08-02",
    "symbol": "XOM",
    "eps": 2.14,
    "epsEstimated": 2.01,
    "time": "bmo",
    "revenue": 89986000000,
    "revenueEstimated": 93450126536,
    "updatedFromDate": "2025-11-03",
    "fiscalDateEnding": "2024-06-30"
  },
  {
    "date": "2024-04-26",
    "symbol": "XOM",
    "eps": 2.06,
    "epsEstimated": 2.2,
    "time": "bmo",
    "revenue": 80411000000,
    "revenueEstimated": 82226063500,
    "updatedFromDate": "2025-11-03",
    "fiscalDateEnding": "2024-03-31"
  },
  {
    "date": "2024-02-02",
    "symbol": "XOM",
    "eps": 2.48,
    "epsEstimated": 2.21,
    "time": "bmo",
    "revenue": 81688000000,
    "revenueEstimated": 85234100000,
    "updatedFromDate": "2025-11-03",
    "fiscalDateEnding": "2023-12-31"
  },
  {
    "date": "2023-10-27",
    "symbol": "XOM",
    "eps": 2.27,
    "epsEstimated": 2.37,
    "time": "bmo",
    "revenue": 88570000000,
    "revenueEstimated": 83760000000,
    "updatedFromDate": "2025-11-03",
    "fiscalDateEnding": "2023-09-30"
  },
  {
    "date": "2023-07-28",
    "symbol": "XOM",
    "eps": 1.94,
    "epsEstimated": 2.01,
    "time": "bmo",
    "revenue": 80795000000,
    "revenueEstimated": 81482000000,
    "updatedFromDate": "2025-11-03",
    "fiscalDateEnding": "2023-06-30"
  },
  {
    "date": "2023-04-28",
    "symbol": "XOM",
    "eps": 2.83,
    "epsEstimated": 2.59,
    "time": "bmo",
    "revenue": 83644000000,
    "revenueEstimated": 85405400000,
    "updatedFromDate": "2025-11-03",
    "fiscalDateEnding": "2023-03-31"
  },
  {
    "date": "2023-01-31",
    "symbol": "XOM",
    "eps": 3.4,
    "epsEstimated": 3.29,
    "time": "bmo",
    "revenue": 93164000000,
    "revenueEstimated": 97345192556,
    "updatedFromDate": "2025-11-03",
    "fiscalDateEnding": "2022-12-31"
  },
  {
    "date": "2022-10-28",
    "symbol": "XOM",
    "eps": 4.45,
    "epsEstimated": 3.79,
    "time": "bmo",
    "revenue": 106512000000,
    "revenueEstimated": 104593894571,
    "updatedFromDate": "2025-11-03",
    "fiscalDateEnding": "2022-09-30"
  },
  {
    "date": "2022-07-29",
    "symbol": "XOM",
    "eps": 4.14,
    "epsEstimated": 3.74,
    "time": "bmo",
    "revenue": 111265000000,
    "revenueEstimated": 111301973667,
    "updatedFromDate": "2025-11-03",
    "fiscalDateEnding": "2022-06-30"
  },
  {
    "date": "2022-04-29",
    "symbol": "XOM",
    "eps": 2.07,
    "epsEstimated": 2.25,
    "time": "bmo",
    "revenue": 87734000000,
    "revenueEstimated": 82838586557,
    "updatedFromDate": "2025-11-03",
    "fiscalDateEnding": "2022-03-31"
  },
  {
    "date": "2022-02-01",
    "symbol": "XOM",
    "eps": 2.05,
    "epsEstimated": 1.94,
    "time": "bmo",
    "revenue": 81305000000,
    "revenueEstimated": 85008043125,
    "updatedFromDate": "2025-11-03",
    "fiscalDateEnding": "2021-12-31"
  },
  {
    "date": "2021-10-29",
    "symbol": "XOM",
    "eps": 1.58,
    "epsEstimated": 1.56,
    "time": "bmo",
    "revenue": 71892000000,
    "revenueEstimated": 72795800000,
    "updatedFromDate": "2025-11-03",
    "fiscalDateEnding": "2021-09-30"
  },
  {
    "date": "2021-07-30",
    "symbol": "XOM",
    "eps": 1.1,
    "epsEstimated": 0.99,
    "time": "bmo",
    "revenue": 65943000000,
    "revenueEstimated": 66808100000,
    "updatedFromDate": "2025-11-03",
    "fiscalDateEnding": "2021-06-30"
  },
  {
    "date": "2021-04-30",
    "symbol": "XOM",
    "eps": 0.65,
    "epsEstimated": 0.59,
    "time": "bmo",
    "revenue": 57552000000,
    "revenueEstimated": 58478400000,
    "updatedFromDate": "2025-11-03",
    "fiscalDateEnding": "2021-03-31"
  },
  {
    "date": "2021-02-02",
    "symbol": "XOM",
    "eps": 0.03,
    "epsEstimated": 0.01217,
    "time": "bmo",
    "revenue": 45738000000,
    "revenueEstimated": 45737999999,
    "updatedFromDate": "2025-11-03",
    "fiscalDateEnding": "2020-12-31"
  },
  {
    "date": "2020-10-30",
    "symbol": "XOM",
    "eps": -0.18,
    "epsEstimated": -0.25,
    "time": "bmo",
    "revenue": 45425000000,
    "revenueEstimated": 64165277777,
    "updatedFromDate": "2025-11-03",
    "fiscalDateEnding": "2020-09-30"
  },
  {
    "date": "2020-07-31",
    "symbol": "XOM",
    "eps": -0.7,
    "epsEstimated": -0.63,
    "time": "bmo",
    "revenue": 32277000000,
    "revenueEstimated": 28127100000,
    "updatedFromDate": "2025-11-03",
    "fiscalDateEnding": "2020-06-30"
  },
  {
    "date": "2020-05-01",
    "symbol": "XOM",
    "eps": 0.53,
    "epsEstimated": 0.00039,
    "time": "bmo",
    "revenue": 55134000000,
    "revenueEstimated": null,
    "updatedFromDate": "2025-11-03",
    "fiscalDateEnding": "2020-03-31"
  },
  {
    "date": "2020-01-31",
    "symbol": "XOM",
    "eps": 0.41,
    "epsEstimated": 0.44,
    "time": "bmo",
    "revenue": 63024000000,
    "revenueEstimated": 66098341463,
    "updatedFromDate": "2025-11-03",
    "fiscalDateEnding": "2019-12-31"
  },
  {
    "date": "2019-11-01",
    "symbol": "XOM",
    "eps": 0.75,
    "epsEstimated": 0.67,
    "time": "bmo",
    "revenue": 63422000000,
    "revenueEstimated": 63422000000,
    "updatedFromDate": "2025-11-03",
    "fiscalDateEnding": "2019-09-30"
  },
  {
    "date": "2019-08-02",
    "symbol": "XOM",
    "eps": 0.73,
    "epsEstimated": 0.66,
    "time": "bmo",
    "revenue": 67491000000,
    "revenueEstimated": 73023049180,
    "updatedFromDate": "2025-11-03",
    "fiscalDateEnding": "2019-06-30"
  },
  {
    "date": "2019-04-26",
    "symbol": "XOM",
    "eps": 0.55,
    "epsEstimated": 0.7,
    "time": "bmo",
    "revenue": 61646000000,
    "revenueEstimated": 78458545454,
    "updatedFromDate": "2025-11-03",
    "fiscalDateEnding": "2019-03-31"
  },
  {
    "date": "2019-02-01",
    "symbol": "XOM",
    "eps": 1.41,
    "epsEstimated": 1.08,
    "time": "bmo",
    "revenue": 68253000000,
    "revenueEstimated": 52278893617,
    "updatedFromDate": "2025-11-03",
    "fiscalDateEnding": "2018-12-31"
  },
  {
    "date": "2018-11-02",
    "symbol": "XOM",
    "eps": 1.46,
    "epsEstimated": 1.23,
    "time": "bmo",
    "revenue": 74187000000,
    "revenueEstimated": 62500006849,
    "updatedFromDate": "2025-11-03",
    "fiscalDateEnding": "2018-09-30"
  },
  {
    "date": "2018-07-27",
    "symbol": "XOM",
    "eps": 0.92,
    "epsEstimated": 1.27,
    "time": "bmo",
    "revenue": 71456000000,
    "revenueEstimated": 98640347826,
    "updatedFromDate": "2025-11-03",
    "fiscalDateEnding": "2018-06-30"
  },
  {
    "date": "2018-04-27",
    "symbol": "XOM",
    "eps": 1.09,
    "epsEstimated": 1.12,
    "time": "bmo",
    "revenue": 65436000000,
    "revenueEstimated": 67236990825,
    "updatedFromDate": "2025-11-03",
    "fiscalDateEnding": "2018-03-31"
  },
  {
    "date": "2018-02-02",
    "symbol": "XOM",
    "eps": 0.88,
    "epsEstimated": 1.06,
    "time": "bmo",
    "revenue": 50832000000,
    "revenueEstimated": 60074181818,
    "updatedFromDate": "2025-11-03",
    "fiscalDateEnding": "2017-12-31"
  },
  {
    "date": "2017-10-27",
    "symbol": "XOM",
    "eps": 0.97,
    "epsEstimated": 0.86,
    "time": "bmo",
    "revenue": 59350000000,
    "revenueEstimated": 54882795698,
    "updatedFromDate": "2025-11-03",
    "fiscalDateEnding": "2017-09-30"
  },
  {
    "date": "2017-07-28",
    "symbol": "XOM",
    "eps": 0.78,
    "epsEstimated": 0.84,
    "time": "bmo",
    "revenue": 56026000000,
    "revenueEstimated": 60335692307,
    "updatedFromDate": "2025-11-03",
    "fiscalDateEnding": "2017-06-30"
  },
  {
    "date": "2017-04-28",
    "symbol": "XOM",
    "eps": 0.95,
    "epsEstimated": 0.85,
    "time": "bmo",
    "revenue": 56474000000,
    "revenueEstimated": 50529368421,
    "updatedFromDate": "2025-11-03",
    "fiscalDateEnding": "2017-03-31"
  },
  {
    "date": "2017-01-31",
    "symbol": "XOM",
    "eps": 0.9,
    "epsEstimated": 0.72,
    "time": "bmo",
    "revenue": 58376000000,
    "revenueEstimated": 31419111111,
    "updatedFromDate": "2025-11-03",
    "fiscalDateEnding": "2016-12-31"
  },
  {
    "date": "2016-10-28",
    "symbol": "XOM",
    "eps": 0.63,
    "epsEstimated": 0.58,
    "time": "bmo",
    "revenue": 56767000000,
    "revenueEstimated": 52261682539,
    "updatedFromDate": "2025-11-03",
    "fiscalDateEnding": "2016-09-30"
  },
  {
    "date": "2016-07-29",
    "symbol": "XOM",
    "eps": 0.41,
    "epsEstimated": 0.64,
    "time": "bmo",
    "revenue": 56360000000,
    "revenueEstimated": 87976585365,
    "updatedFromDate": "2025-11-03",
    "fiscalDateEnding": "2016-06-30"
  },
  {
    "date": "2016-04-29",
    "symbol": "XOM",
    "eps": 0.43,
    "epsEstimated": 0.31,
    "time": "bmo",
    "revenue": 47105000000,
    "revenueEstimated": 33959418604,
    "updatedFromDate": "2025-11-03",
    "fiscalDateEnding": "2016-03-31"
  },
  {
    "date": "2016-02-02",
    "symbol": "XOM",
    "eps": 0.67,
    "epsEstimated": 0.63,
    "time": "bmo",
    "revenue": 57691000000,
    "revenueEstimated": 35784940298,
    "updatedFromDate": "2025-11-03",
    "fiscalDateEnding": "2015-12-31"
  },
  {
    "date": "2015-10-30",
    "symbol": "XOM",
    "eps": 1.01,
    "epsEstimated": 0.89,
    "time": "bmo",
    "revenue": 65679000000,
    "revenueEstimated": 57875554455,
    "updatedFromDate": "2025-11-03",
    "fiscalDateEnding": "2015-09-30"
  },
  {
    "date": "2015-07-31",
    "symbol": "XOM",
    "eps": 1,
    "epsEstimated": 1.11,
    "time": "bmo",
    "revenue": 71360000000,
    "revenueEstimated": 79209600000,
    "updatedFromDate": "2025-11-03",
    "fiscalDateEnding": "2015-06-30"
  },
  {
    "date": "2015-04-30",
    "symbol": "XOM",
    "eps": 1.17,
    "epsEstimated": 0.83,
    "time": "bmo",
    "revenue": 64758000000,
    "revenueEstimated": 45939435897,
    "updatedFromDate": "2025-11-03",
    "fiscalDateEnding": "2015-03-31"
  },
  {
    "date": "2015-02-02",
    "symbol": "XOM",
    "eps": 1.32,
    "epsEstimated": 1.34,
    "time": "bmo",
    "revenue": 82621000000,
    "revenueEstimated": 83872833333,
    "updatedFromDate": "2025-11-03",
    "fiscalDateEnding": "2014-12-31"
  },
  {
    "date": "2014-10-31",
    "symbol": "XOM",
    "eps": 1.89,
    "epsEstimated": 1.71,
    "time": "bmo",
    "revenue": 103206000000,
    "revenueEstimated": 93702571428,
    "updatedFromDate": "2025-11-03",
    "fiscalDateEnding": "2014-09-30"
  },
  {
    "date": "2014-07-31",
    "symbol": "XOM",
    "eps": 2.05,
    "epsEstimated": 1.86,
    "time": "bmo",
    "revenue": 105719000000,
    "revenueEstimated": 95920653658,
    "updatedFromDate": "2025-11-03",
    "fiscalDateEnding": "2014-06-30"
  },
  {
    "date": "2014-05-01",
    "symbol": "XOM",
    "eps": 2.1,
    "epsEstimated": 1.88,
    "time": "bmo",
    "revenue": 101312000000,
    "revenueEstimated": 91099428571,
    "updatedFromDate": "2025-11-03",
    "fiscalDateEnding": "2014-03-31"
  },
  {
    "date": "2014-01-30",
    "symbol": "XOM",
    "eps": 1.91,
    "epsEstimated": 1.92,
    "time": "bmo",
    "revenue": 106018000000,
    "revenueEstimated": 106573068062,
    "updatedFromDate": "2025-11-03",
    "fiscalDateEnding": "2013-12-31"
  },
  {
    "date": "2013-10-31",
    "symbol": "XOM",
    "eps": 1.79,
    "epsEstimated": 1.77,
    "time": "bmo",
    "revenue": 108390000000,
    "revenueEstimated": 107178938547,
    "updatedFromDate": "2025-11-03",
    "fiscalDateEnding": "2013-09-30"
  },
  {
    "date": "2013-08-01",
    "symbol": "XOM",
    "eps": 1.55,
    "epsEstimated": 1.9,
    "time": "bmo",
    "revenue": 103050000000,
    "revenueEstimated": 126319354838,
    "updatedFromDate": "2025-11-03",
    "fiscalDateEnding": "2013-06-30"
  },
  {
    "date": "2013-04-25",
    "symbol": "XOM",
    "eps": 2.12,
    "epsEstimated": 2.05,
    "time": "bmo",
    "revenue": 103378000000,
    "revenueEstimated": 99964575471,
    "updatedFromDate": "2025-11-03",
    "fiscalDateEnding": "2013-03-31"
  },
  {
    "date": "2013-02-01",
    "symbol": "XOM",
    "eps": 2.2,
    "epsEstimated": 2,
    "time": "bmo",
    "revenue": 97248000000,
    "revenueEstimated": 99237272727,
    "updatedFromDate": "2025-11-03",
    "fiscalDateEnding": "2012-12-31"
  },
  {
    "date": "2012-11-01",
    "symbol": "XOM",
    "eps": 2.09,
    "epsEstimated": 1.95,
    "time": "bmo",
    "revenue": 110989000000,
    "revenueEstimated": 107955358851,
    "updatedFromDate": "2025-11-03",
    "fiscalDateEnding": "2012-09-30"
  },
  {
    "date": "2012-07-26",
    "symbol": "XOM",
    "eps": 1.8,
    "epsEstimated": 1.95,
    "time": "bmo",
    "revenue": 112745000000,
    "revenueEstimated": 121517499999,
    "updatedFromDate": "2025-11-03",
    "fiscalDateEnding": "2012-06-30"
  },
  {
    "date": "2012-04-26",
    "symbol": "XOM",
    "eps": 2,
    "epsEstimated": 2.09,
    "time": "bmo",
    "revenue": 119189000000,
    "revenueEstimated": 124552504999,
    "updatedFromDate": "2025-11-03",
    "fiscalDateEnding": "2012-03-31"
  },
  {
    "date": "2012-01-31",
    "symbol": "XOM",
    "eps": 1.97,
    "epsEstimated": 1.96,
    "time": "bmo",
    "revenue": 117782000000,
    "revenueEstimated": 115320629441,
    "updatedFromDate": "2025-11-03",
    "fiscalDateEnding": "2011-12-31"
  },
  {
    "date": "2011-10-27",
    "symbol": "XOM",
    "eps": 2.13,
    "epsEstimated": 2.12,
    "time": "bmo",
    "revenue": 121415000000,
    "revenueEstimated": 119909389671,
    "updatedFromDate": "2025-11-03",
    "fiscalDateEnding": "2011-09-30"
  },
  {
    "date": "2011-07-28",
    "symbol": "XOM",
    "eps": 2.18,
    "epsEstimated": 2.32,
    "time": "bmo",
    "revenue": 121766000000,
    "revenueEstimated": 129189944954,
    "updatedFromDate": "2025-11-03",
    "fiscalDateEnding": "2011-06-30"
  },
  {
    "date": "2011-04-28",
    "symbol": "XOM",
    "eps": 2.14,
    "epsEstimated": 2.08,
    "time": "bmo",
    "revenue": 110177000000,
    "revenueEstimated": 106187887850,
    "updatedFromDate": "2025-11-03",
    "fiscalDateEnding": "2011-03-31"
  },
  {
    "date": "2011-01-31",
    "symbol": "XOM",
    "eps": 1.85,
    "epsEstimated": 1.63,
    "time": "bmo",
    "revenue": 101733000000,
    "revenueEstimated": 89026194594,
    "updatedFromDate": "2025-11-03",
    "fiscalDateEnding": "2010-12-31"
  },
  {
    "date": "2010-10-28",
    "symbol": "XOM",
    "eps": 1.44,
    "epsEstimated": 1.39,
    "time": "bmo",
    "revenue": 92855000000,
    "revenueEstimated": 89146298611,
    "updatedFromDate": "2025-11-03",
    "fiscalDateEnding": "2010-09-30"
  },
  {
    "date": "2010-07-29",
    "symbol": "XOM",
    "eps": 1.6,
    "epsEstimated": 1.46,
    "time": "bmo",
    "revenue": 90242000000,
    "revenueEstimated": 81844862499,
    "updatedFromDate": "2025-11-03",
    "fiscalDateEnding": "2010-06-30"
  },
  {
    "date": "2010-04-29",
    "symbol": "XOM",
    "eps": 1.33,
    "epsEstimated": 1.41,
    "time": "bmo",
    "revenue": 87714000000,
    "revenueEstimated": 92272308270,
    "updatedFromDate": "2025-11-03",
    "fiscalDateEnding": "2010-03-31"
  },
  {
    "date": "2010-02-01",
    "symbol": "XOM",
    "eps": 1.27,
    "epsEstimated": 1.19,
    "time": "bmo",
    "revenue": 87426000000,
    "revenueEstimated": 81627440944,
    "updatedFromDate": "2025-11-03",
    "fiscalDateEnding": "2009-12-31"
  },
  {
    "date": "2009-10-29",
    "symbol": "XOM",
    "eps": 0.98,
    "epsEstimated": 1.03,
    "time": "bmo",
    "revenue": 80585000000,
    "revenueEstimated": 84176224489,
    "updatedFromDate": "2025-11-03",
    "fiscalDateEnding": "2009-09-30"
  },
  {
    "date": "2009-07-30",
    "symbol": "XOM",
    "eps": 0.84,
    "epsEstimated": 1.02,
    "time": "bmo",
    "revenue": 74457000000,
    "revenueEstimated": 87631357142,
    "updatedFromDate": "2025-11-03",
    "fiscalDateEnding": "2009-06-30"
  },
  {
    "date": "2009-04-30",
    "symbol": "XOM",
    "eps": 0.92,
    "epsEstimated": 0.95,
    "time": "bmo",
    "revenue": 64028000000,
    "revenueEstimated": 64153913043,
    "updatedFromDate": "2025-11-03",
    "fiscalDateEnding": "2009-03-31"
  },
  {
    "date": "2009-01-30",
    "symbol": "XOM",
    "eps": 1.55,
    "epsEstimated": 1.45,
    "time": "bmo",
    "revenue": 84696000000,
    "revenueEstimated": 75301774193,
    "updatedFromDate": "2025-11-03",
    "fiscalDateEnding": "2008-12-31"
  },
  {
    "date": "2008-10-30",
    "symbol": "XOM",
    "eps": 2.59,
    "epsEstimated": 2.38,
    "time": "bmo",
    "revenue": 134913000000,
    "revenueEstimated": 121375405405,
    "updatedFromDate": "2025-11-03",
    "fiscalDateEnding": "2008-09-30"
  },
  {
    "date": "2008-07-31",
    "symbol": "XOM",
    "eps": 2.27,
    "epsEstimated": 2.52,
    "time": "bmo",
    "revenue": 138072000000,
    "revenueEstimated": 148509039647,
    "updatedFromDate": "2025-11-03",
    "fiscalDateEnding": "2008-06-30"
  },
  {
    "date": "2008-05-01",
    "symbol": "XOM",
    "eps": 2.03,
    "epsEstimated": 2.14,
    "time": "bmo",
    "revenue": 116854000000,
    "revenueEstimated": 119358236453,
    "updatedFromDate": "2025-11-03",
    "fiscalDateEnding": "2008-03-31"
  },
  {
    "date": "2008-02-01",
    "symbol": "XOM",
    "eps": 2.13,
    "epsEstimated": 1.95,
    "time": "bmo",
    "revenue": 116642000000,
    "revenueEstimated": 102503169014,
    "updatedFromDate": "2025-11-03",
    "fiscalDateEnding": "2007-12-31"
  },
  {
    "date": "2007-11-01",
    "symbol": "XOM",
    "eps": 1.7,
    "epsEstimated": 1.75,
    "time": "bmo",
    "revenue": 102337000000,
    "revenueEstimated": 102045588235,
    "updatedFromDate": "2025-11-03",
    "fiscalDateEnding": "2007-09-30"
  },
  {
    "date": "2007-07-26",
    "symbol": "XOM",
    "eps": 1.83,
    "epsEstimated": 1.96,
    "time": "bmo",
    "revenue": 98350000000,
    "revenueEstimated": 101811825136,
    "updatedFromDate": "2025-11-03",
    "fiscalDateEnding": "2007-06-30"
  },
  {
    "date": "2007-04-26",
    "symbol": "XOM",
    "eps": 1.62,
    "epsEstimated": 1.52,
    "time": "bmo",
    "revenue": 87223000000,
    "revenueEstimated": 78978074074,
    "updatedFromDate": "2025-11-03",
    "fiscalDateEnding": "2007-03-31"
  },
  {
    "date": "2007-02-01",
    "symbol": "XOM",
    "eps": 1.69,
    "epsEstimated": 1.51,
    "time": "bmo",
    "revenue": 90028000000,
    "revenueEstimated": 77606852071,
    "updatedFromDate": "2025-11-03",
    "fiscalDateEnding": "2006-12-31"
  },
  {
    "date": "2006-10-26",
    "symbol": "XOM",
    "eps": 1.77,
    "epsEstimated": 1.59,
    "time": "bmo",
    "revenue": 99593000000,
    "revenueEstimated": 86478033898,
    "updatedFromDate": "2025-11-03",
    "fiscalDateEnding": "2006-09-30"
  },
  {
    "date": "2006-07-27",
    "symbol": "XOM",
    "eps": 1.72,
    "epsEstimated": 1.64,
    "time": "bmo",
    "revenue": 99034000000,
    "revenueEstimated": 91557767441,
    "updatedFromDate": "2025-11-03",
    "fiscalDateEnding": "2006-06-30"
  },
  {
    "date": "2006-04-27",
    "symbol": "XOM",
    "eps": 1.37,
    "epsEstimated": 1.47,
    "time": "bmo",
    "revenue": 88980000000,
    "revenueEstimated": 92617510948,
    "updatedFromDate": "2025-11-03",
    "fiscalDateEnding": "2006-03-31"
  },
  {
    "date": "2006-01-30",
    "symbol": "XOM",
    "eps": 1.65,
    "epsEstimated": 1.44,
    "time": "bmo",
    "revenue": 99344000000,
    "revenueEstimated": 83892654545,
    "updatedFromDate": "2025-11-03",
    "fiscalDateEnding": "2005-12-31"
  },
  {
    "date": "2005-10-27",
    "symbol": "XOM",
    "eps": 1.32,
    "epsEstimated": 1.38,
    "time": "bmo",
    "revenue": 100717000000,
    "revenueEstimated": 101127863636,
    "updatedFromDate": "2025-11-03",
    "fiscalDateEnding": "2005-09-30"
  },
  {
    "date": "2005-07-28",
    "symbol": "XOM",
    "eps": 1.23,
    "epsEstimated": 1.24,
    "time": "bmo",
    "revenue": 88568000000,
    "revenueEstimated": 87326243902,
    "updatedFromDate": "2025-11-03",
    "fiscalDateEnding": "2005-06-30"
  },
  {
    "date": "2005-04-28",
    "symbol": "XOM",
    "eps": 1.15,
    "epsEstimated": 1.2,
    "time": "bmo",
    "revenue": 82051000000,
    "revenueEstimated": 82930434782,
    "updatedFromDate": "2025-11-03",
    "fiscalDateEnding": "2005-03-31"
  },
  {
    "date": "2005-01-31",
    "symbol": "XOM",
    "eps": 1.3,
    "epsEstimated": 1.07,
    "time": "bmo",
    "revenue": 83365000000,
    "revenueEstimated": 66766353846,
    "updatedFromDate": "2025-11-03",
    "fiscalDateEnding": "2004-12-31"
  },
  {
    "date": "2004-10-28",
    "symbol": "XOM",
    "eps": 0.96,
    "epsEstimated": 0.87,
    "time": "bmo",
    "revenue": 76375000000,
    "revenueEstimated": 67836437500,
    "updatedFromDate": "2025-11-03",
    "fiscalDateEnding": "2004-09-30"
  },
  {
    "date": "2004-07-29",
    "symbol": "XOM",
    "eps": 0.88,
    "epsEstimated": 0.88,
    "time": "bmo",
    "revenue": 70693000000,
    "revenueEstimated": 69220000000,
    "updatedFromDate": "2025-11-03",
    "fiscalDateEnding": "2004-06-30"
  },
  {
    "date": "2004-04-29",
    "symbol": "XOM",
    "eps": 0.83,
    "epsEstimated": 0.75,
    "time": "bmo",
    "revenue": 67602000000,
    "revenueEstimated": 59692771084,
    "updatedFromDate": "2025-11-03",
    "fiscalDateEnding": "2004-03-31"
  },
  {
    "date": "2004-03-15",
    "symbol": "XOM",
    "eps": 1.01,
    "epsEstimated": null,
    "time": "bmo",
    "revenue": 65952000000,
    "revenueEstimated": null,
    "updatedFromDate": "2025-11-03",
    "fiscalDateEnding": "2003-12-31"
  },
  {
    "date": "2003-10-30",
    "symbol": "XOM",
    "eps": 0.55,
    "epsEstimated": 0.62,
    "time": "bmo",
    "revenue": 59841000000,
    "revenueEstimated": 66238545454,
    "updatedFromDate": "2025-11-03",
    "fiscalDateEnding": "2003-09-30"
  },
  {
    "date": "2003-07-31",
    "symbol": "XOM",
    "eps": 0.62,
    "epsEstimated": 0.56,
    "time": "bmo",
    "revenue": 57165000000,
    "revenueEstimated": 51040178571,
    "updatedFromDate": "2025-11-03",
    "fiscalDateEnding": "2003-06-30"
  },
  {
    "date": "2003-05-01",
    "symbol": "XOM",
    "eps": 0.71,
    "epsEstimated": 0.7,
    "time": "bmo",
    "revenue": 63780000000,
    "revenueEstimated": 62868857142,
    "updatedFromDate": "2025-11-03",
    "fiscalDateEnding": "2003-03-31"
  },
  {
    "date": "2003-03-26",
    "symbol": "XOM",
    "eps": 0.61,
    "epsEstimated": null,
    "time": "bmo",
    "revenue": 55884000000,
    "revenueEstimated": null,
    "updatedFromDate": "2025-11-03",
    "fiscalDateEnding": "2002-12-31"
  },
  {
    "date": "2002-10-31",
    "symbol": "XOM",
    "eps": 0.44,
    "epsEstimated": 0.43,
    "time": "bmo",
    "revenue": 54098000000,
    "revenueEstimated": 51985045454,
    "updatedFromDate": "2025-11-03",
    "fiscalDateEnding": "2002-09-30"
  },
  {
    "date": "2002-08-01",
    "symbol": "XOM",
    "eps": 0.39,
    "epsEstimated": 0.46,
    "time": "bmo",
    "revenue": 50804000000,
    "revenueEstimated": 58941333333,
    "updatedFromDate": "2025-11-03",
    "fiscalDateEnding": "2002-06-30"
  },
  {
    "date": "2002-04-23",
    "symbol": "XOM",
    "eps": 0.31,
    "epsEstimated": 0.4,
    "time": "bmo",
    "revenue": 43393000000,
    "revenueEstimated": 54957419354,
    "updatedFromDate": "2025-11-03",
    "fiscalDateEnding": "2002-03-31"
  },
  {
    "date": "2002-03-27",
    "symbol": "XOM",
    "eps": 0.3847,
    "epsEstimated": null,
    "time": "bmo",
    "revenue": 47891000000,
    "revenueEstimated": null,
    "updatedFromDate": "2025-11-03",
    "fiscalDateEnding": "2001-12-31"
  },
  {
    "date": "2001-10-23",
    "symbol": "XOM",
    "eps": 0.48,
    "epsEstimated": 0.51,
    "time": "bmo",
    "revenue": 56448000000,
    "revenueEstimated": 54327750000,
    "updatedFromDate": "2025-11-03",
    "fiscalDateEnding": "2001-09-30"
  },
  {
    "date": "2001-07-24",
    "symbol": "XOM",
    "eps": 0.64,
    "epsEstimated": 0.65,
    "time": "bmo",
    "revenue": 56184000000,
    "revenueEstimated": 55961953125,
    "updatedFromDate": "2025-11-03",
    "fiscalDateEnding": "2001-06-30"
  },
  {
    "date": "2001-04-23",
    "symbol": "XOM",
    "eps": 0.37,
    "epsEstimated": 0.67,
    "time": "bmo",
    "revenue": 57300000000,
    "revenueEstimated": 101543027027,
    "updatedFromDate": "2025-11-03",
    "fiscalDateEnding": "2001-03-31"
  },
  {
    "date": "2001-03-28",
    "symbol": "XOM",
    "eps": 0.746,
    "epsEstimated": null,
    "time": "bmo",
    "revenue": 83311000000,
    "revenueEstimated": null,
    "updatedFromDate": "2025-11-03",
    "fiscalDateEnding": "2000-12-31"
  },
  {
    "date": "2000-10-24",
    "symbol": "XOM",
    "eps": 0.61,
    "epsEstimated": 0.45,
    "time": "bmo",
    "revenue": 52178000000,
    "revenueEstimated": 42415819672,
    "updatedFromDate": "2025-11-03",
    "fiscalDateEnding": "2000-09-30"
  },
  {
    "date": "2000-07-25",
    "symbol": "XOM",
    "eps": 0.59,
    "epsEstimated": 0.53,
    "time": "bmo",
    "revenue": 49479000000,
    "revenueEstimated": 49349288135,
    "updatedFromDate": "2025-11-03",
    "fiscalDateEnding": "2000-06-30"
  },
  {
    "date": "2000-04-25",
    "symbol": "XOM",
    "eps": 0.48,
    "epsEstimated": 0.44,
    "time": "bmo",
    "revenue": 47780000000,
    "revenueEstimated": 48833583333,
    "updatedFromDate": "2025-11-03",
    "fiscalDateEnding": "2000-03-31"
  },
  {
    "date": "2000-03-23",
    "symbol": "XOM",
    "eps": 0.595,
    "epsEstimated": null,
    "time": "bmo",
    "revenue": 83591000000,
    "revenueEstimated": null,
    "updatedFromDate": "2025-11-03",
    "fiscalDateEnding": "1999-12-31"
  },
  {
    "date": "1999-10-25",
    "symbol": "XOM",
    "eps": 0.31,
    "epsEstimated": 0.3,
    "time": "bmo",
    "revenue": 43595000000,
    "revenueEstimated": 46853225806,
    "updatedFromDate": "2025-11-03",
    "fiscalDateEnding": "1999-09-30"
  },
  {
    "date": "1999-07-21",
    "symbol": "XOM",
    "eps": 0.25,
    "epsEstimated": 0.27,
    "time": "bmo",
    "revenue": 38055000000,
    "revenueEstimated": 45854640000,
    "updatedFromDate": "2025-11-03",
    "fiscalDateEnding": "1999-06-30"
  },
  {
    "date": "1999-04-21",
    "symbol": "XOM",
    "eps": 0.24,
    "epsEstimated": 0.23,
    "time": "bmo",
    "revenue": 33804000000,
    "revenueEstimated": 36399416666,
    "updatedFromDate": "2025-11-03",
    "fiscalDateEnding": "1999-03-31"
  },
  {
    "date": "1999-03-30",
    "symbol": "XOM",
    "eps": 0.2974,
    "epsEstimated": null,
    "time": "bmo",
    "revenue": 24102000000,
    "revenueEstimated": null,
    "updatedFromDate": "2025-11-03",
    "fiscalDateEnding": "1998-12-31"
  },
  {
    "date": "1998-10-21",
    "symbol": "XOM",
    "eps": 0.29,
    "epsEstimated": 0.29,
    "time": "bmo",
    "revenue": 24512000000,
    "revenueEstimated": 40785000000,
    "updatedFromDate": "2025-11-03",
    "fiscalDateEnding": "1998-09-30"
  },
  {
    "date": "1998-07-21",
    "symbol": "XOM",
    "eps": 0.33,
    "epsEstimated": 0.32,
    "time": "bmo",
    "revenue": 25201000000,
    "revenueEstimated": 40563393939,
    "updatedFromDate": "2025-11-03",
    "fiscalDateEnding": "1998-06-30"
  },
  {
    "date": "1998-04-21",
    "symbol": "XOM",
    "eps": 0.38,
    "epsEstimated": 0.34,
    "time": "bmo",
    "revenue": 29964000000,
    "revenueEstimated": 38223157894,
    "updatedFromDate": "2025-11-03",
    "fiscalDateEnding": "1998-03-31"
  },
  {
    "date": "1998-03-18",
    "symbol": "XOM",
    "eps": 0.503,
    "epsEstimated": null,
    "time": "bmo",
    "revenue": 30403000000,
    "revenueEstimated": null,
    "updatedFromDate": "2025-11-03",
    "fiscalDateEnding": "1997-12-31"
  },
  {
    "date": "1997-10-21",
    "symbol": "XOM",
    "eps": 0.37,
    "epsEstimated": 0.35,
    "time": "bmo",
    "revenue": 28765000000,
    "revenueEstimated": 45718513513,
    "updatedFromDate": "2025-11-03",
    "fiscalDateEnding": "1997-09-30"
  },
  {
    "date": "1997-07-21",
    "symbol": "XOM",
    "eps": 0.4,
    "epsEstimated": 0.35,
    "time": "bmo",
    "revenue": 28683000000,
    "revenueEstimated": 43794624999,
    "updatedFromDate": "2025-11-03",
    "fiscalDateEnding": "1997-06-30"
  },
  {
    "date": "1997-04-21",
    "symbol": "XOM",
    "eps": 0.44,
    "epsEstimated": 0.41,
    "time": "bmo",
    "revenue": 29556000000,
    "revenueEstimated": 47201250000,
    "updatedFromDate": "2025-11-03",
    "fiscalDateEnding": "1997-03-31"
  },
  {
    "date": "1997-03-13",
    "symbol": "XOM",
    "eps": 0.4933,
    "epsEstimated": null,
    "time": "bmo",
    "revenue": 32503000000,
    "revenueEstimated": null,
    "updatedFromDate": "2025-11-03",
    "fiscalDateEnding": "1996-12-31"
  },
  {
    "date": "1996-10-21",
    "symbol": "XOM",
    "eps": 0.31,
    "epsEstimated": 0.3,
    "time": "bmo",
    "revenue": 29086000000,
    "revenueEstimated": null,
    "updatedFromDate": "2025-11-03",
    "fiscalDateEnding": "1996-09-30"
  },
  {
    "date": "1996-07-22",
    "symbol": "XOM",
    "eps": 0.32,
    "epsEstimated": 0.33,
    "time": "bmo",
    "revenue": 27975000000,
    "revenueEstimated": null,
    "updatedFromDate": "2025-11-03",
    "fiscalDateEnding": "1996-06-30"
  },
  {
    "date": "1996-04-22",
    "symbol": "XOM",
    "eps": 0.35,
    "epsEstimated": 0.33,
    "time": "bmo",
    "revenue": 27164000000,
    "revenueEstimated": null,
    "updatedFromDate": "2025-11-03",
    "fiscalDateEnding": "1996-03-31"
  },
  {
    "date": "1996-03-08",
    "symbol": "XOM",
    "eps": 0.3342,
    "epsEstimated": null,
    "time": "bmo",
    "revenue": 26895000000,
    "revenueEstimated": null,
    "updatedFromDate": "2025-11-03",
    "fiscalDateEnding": "1995-12-31"
  },
  {
    "date": "1995-10-23",
    "symbol": "XOM",
    "eps": 0.3,
    "epsEstimated": 0.29,
    "time": "bmo",
    "revenue": 27025000000,
    "revenueEstimated": null,
    "updatedFromDate": "2025-11-03",
    "fiscalDateEnding": "1995-09-30"
  },
  {
    "date": "1995-07-20",
    "symbol": "XOM",
    "eps": 0.33,
    "epsEstimated": 0.29,
    "time": "bmo",
    "revenue": 27846000000,
    "revenueEstimated": null,
    "updatedFromDate": "2025-11-03",
    "fiscalDateEnding": "1995-06-30"
  },
  {
    "date": "1995-04-24",
    "symbol": "XOM",
    "eps": 0.33,
    "epsEstimated": 0.27,
    "time": "bmo",
    "revenue": 26127000000,
    "revenueEstimated": null,
    "updatedFromDate": "2025-11-03",
    "fiscalDateEnding": "1995-03-31"
  },
  {
    "date": "1995-03-10",
    "symbol": "XOM",
    "eps": 0.3834,
    "epsEstimated": null,
    "time": "bmo",
    "revenue": 26507000000,
    "revenueEstimated": null,
    "updatedFromDate": "2025-11-03",
    "fiscalDateEnding": "1994-12-31"
  },
  {
    "date": "1994-10-24",
    "symbol": "XOM",
    "eps": 0.23,
    "epsEstimated": 0.2,
    "time": "bmo",
    "revenue": 26047000000,
    "revenueEstimated": null,
    "updatedFromDate": "2025-11-03",
    "fiscalDateEnding": "1994-09-30"
  },
  {
    "date": "1994-07-25",
    "symbol": "XOM",
    "eps": 0.18,
    "epsEstimated": 0.18,
    "time": "bmo",
    "revenue": 24246000000,
    "revenueEstimated": null,
    "updatedFromDate": "2025-11-03",
    "fiscalDateEnding": "1994-06-30"
  },
  {
    "date": "1994-04-22",
    "symbol": "XOM",
    "eps": 0.22,
    "epsEstimated": 0.21,
    "time": "bmo",
    "revenue": 22883000000,
    "revenueEstimated": null,
    "updatedFromDate": "2025-11-03",
    "fiscalDateEnding": "1994-03-31"
  },
  {
    "date": "1994-01-25",
    "symbol": "XOM",
    "eps": 0.3,
    "epsEstimated": 0.23,
    "time": "bmo",
    "revenue": 24529000000,
    "revenueEstimated": null,
    "updatedFromDate": "2025-11-03",
    "fiscalDateEnding": "1993-12-31"
  },
  {
    "date": "1993-10-25",
    "symbol": "XOM",
    "eps": 0.21,
    "epsEstimated": 0.19,
    "time": "bmo",
    "revenue": 24455000000,
    "revenueEstimated": null,
    "updatedFromDate": "2025-11-03",
    "fiscalDateEnding": "1993-09-30"
  },
  {
    "date": "1993-07-23",
    "symbol": "XOM",
    "eps": 0.25,
    "epsEstimated": 0.22,
    "time": "bmo",
    "revenue": 24702000000,
    "revenueEstimated": null,
    "updatedFromDate": "2025-11-03",
    "fiscalDateEnding": "1993-06-30"
  },
  {
    "date": "1993-04-23",
    "symbol": "XOM",
    "eps": 0.23,
    "epsEstimated": 0.24,
    "time": "bmo",
    "revenue": 24139000000,
    "revenueEstimated": null,
    "updatedFromDate": "2025-11-03",
    "fiscalDateEnding": "1993-03-31"
  },
  {
    "date": "1993-01-25",
    "symbol": "XOM",
    "eps": 0.28,
    "epsEstimated": 0.24,
    "time": "bmo",
    "revenue": 26897000000,
    "revenueEstimated": null,
    "updatedFromDate": "2025-11-03",
    "fiscalDateEnding": "1992-12-31"
  },
  {
    "date": "1992-09-30",
    "symbol": "XOM",
    "eps": 0.225,
    "epsEstimated": null,
    "time": "bmo",
    "revenue": 27241000000,
    "revenueEstimated": null,
    "updatedFromDate": "2025-11-03",
    "fiscalDateEnding": "1992-09-30"
  },
  {
    "date": "1992-06-30",
    "symbol": "XOM",
    "eps": 0.19,
    "epsEstimated": null,
    "time": "bmo",
    "revenue": 24547000000,
    "revenueEstimated": null,
    "updatedFromDate": "2025-11-03",
    "fiscalDateEnding": "1992-06-30"
  },
  {
    "date": "1992-03-31",
    "symbol": "XOM",
    "eps": 0.27,
    "epsEstimated": null,
    "time": "bmo",
    "revenue": 24475000000,
    "revenueEstimated": null,
    "updatedFromDate": "2025-11-03",
    "fiscalDateEnding": "1992-03-31"
  },
  {
    "date": "1991-12-31",
    "symbol": "XOM",
    "eps": 0.224,
    "epsEstimated": null,
    "time": "bmo",
    "revenue": 27121000000,
    "revenueEstimated": null,
    "updatedFromDate": "2025-11-03",
    "fiscalDateEnding": "1991-12-31"
  },
  {
    "date": "1991-09-30",
    "symbol": "XOM",
    "eps": 0.22,
    "epsEstimated": null,
    "time": "bmo",
    "revenue": 24238000000,
    "revenueEstimated": null,
    "updatedFromDate": "2025-11-03",
    "fiscalDateEnding": "1991-09-30"
  },
  {
    "date": "1991-06-30",
    "symbol": "XOM",
    "eps": 0.225,
    "epsEstimated": null,
    "time": "bmo",
    "revenue": 24251000000,
    "revenueEstimated": null,
    "updatedFromDate": "2025-11-03",
    "fiscalDateEnding": "1991-06-30"
  },
  {
    "date": "1991-03-31",
    "symbol": "XOM",
    "eps": 0.445,
    "epsEstimated": null,
    "time": "bmo",
    "revenue": 27237000000,
    "revenueEstimated": null,
    "updatedFromDate": "2025-11-03",
    "fiscalDateEnding": "1991-03-31"
  },
  {
    "date": "1990-12-31",
    "symbol": "XOM",
    "eps": 0.3089,
    "epsEstimated": null,
    "time": "bmo",
    "revenue": 31862000000,
    "revenueEstimated": null,
    "updatedFromDate": "2025-11-03",
    "fiscalDateEnding": "1990-12-31"
  },
  {
    "date": "1990-09-30",
    "symbol": "XOM",
    "eps": 0.215,
    "epsEstimated": null,
    "time": "bmo",
    "revenue": 26086000000,
    "revenueEstimated": null,
    "updatedFromDate": "2025-11-03",
    "fiscalDateEnding": "1990-09-30"
  },
  {
    "date": "1990-06-30",
    "symbol": "XOM",
    "eps": 0.22,
    "epsEstimated": null,
    "time": "bmo",
    "revenue": 23444000000,
    "revenueEstimated": null,
    "updatedFromDate": "2025-11-03",
    "fiscalDateEnding": "1990-06-30"
  },
  {
    "date": "1990-03-31",
    "symbol": "XOM",
    "eps": 0.255,
    "epsEstimated": null,
    "time": "bmo",
    "revenue": 24127000000,
    "revenueEstimated": null,
    "updatedFromDate": "2025-11-03",
    "fiscalDateEnding": "1990-03-31"
  },
  {
    "date": "1989-12-31",
    "symbol": "XOM",
    "eps": 0.1932,
    "epsEstimated": null,
    "time": "bmo",
    "revenue": 23696000000,
    "revenueEstimated": null,
    "updatedFromDate": "2025-11-03",
    "fiscalDateEnding": "1989-12-31"
  },
  {
    "date": "1989-09-29",
    "symbol": "XOM",
    "eps": 0.22,
    "epsEstimated": null,
    "time": "bmo",
    "revenue": 21248000000,
    "revenueEstimated": null,
    "updatedFromDate": "2025-11-03",
    "fiscalDateEnding": "1989-09-30"
  },
  {
    "date": "1989-06-29",
    "symbol": "XOM",
    "eps": 0.0314,
    "epsEstimated": null,
    "time": "bmo",
    "revenue": 23611000000,
    "revenueEstimated": null,
    "updatedFromDate": "2025-11-03",
    "fiscalDateEnding": "1989-06-30"
  },
  {
    "date": "1989-03-30",
    "symbol": "XOM",
    "eps": 0.2464,
    "epsEstimated": null,
    "time": "bmo",
    "revenue": 22244000000,
    "revenueEstimated": null,
    "updatedFromDate": "2025-11-03",
    "fiscalDateEnding": "1989-03-31"
  },
  {
    "date": "1988-12-30",
    "symbol": "XOM",
    "eps": 0.2677,
    "epsEstimated": null,
    "time": "bmo",
    "revenue": 19478000000,
    "revenueEstimated": null,
    "updatedFromDate": "2025-11-03",
    "fiscalDateEnding": "1988-12-31"
  },
  {
    "date": "1988-09-29",
    "symbol": "XOM",
    "eps": 0.2341,
    "epsEstimated": null,
    "time": "bmo",
    "revenue": 19745000000,
    "revenueEstimated": null,
    "updatedFromDate": "2025-11-03",
    "fiscalDateEnding": "1988-09-30"
  },
  {
    "date": "1988-06-29",
    "symbol": "XOM",
    "eps": 0.2212,
    "epsEstimated": null,
    "time": "bmo",
    "revenue": 19928000000,
    "revenueEstimated": null,
    "updatedFromDate": "2025-11-03",
    "fiscalDateEnding": "1988-06-30"
  },
  {
    "date": "1988-03-30",
    "symbol": "XOM",
    "eps": 0.2682,
    "epsEstimated": null,
    "time": "bmo",
    "revenue": 20406000000,
    "revenueEstimated": null,
    "updatedFromDate": "2025-11-03",
    "fiscalDateEnding": "1988-03-31"
  },
  {
    "date": "1987-12-30",
    "symbol": "XOM",
    "eps": 0.2866,
    "epsEstimated": null,
    "time": "bmo",
    "revenue": 20447000000,
    "revenueEstimated": null,
    "updatedFromDate": "2025-11-03",
    "fiscalDateEnding": "1987-12-31"
  },
  {
    "date": "1987-09-29",
    "symbol": "XOM",
    "eps": 0.1867,
    "epsEstimated": null,
    "time": "bmo",
    "revenue": 19600000000,
    "revenueEstimated": null,
    "updatedFromDate": "2025-11-03",
    "fiscalDateEnding": "1987-09-30"
  },
  {
    "date": "1987-06-29",
    "symbol": "XOM",
    "eps": 0.2016,
    "epsEstimated": null,
    "time": "bmo",
    "revenue": 18588000000,
    "revenueEstimated": null,
    "updatedFromDate": "2025-11-03",
    "fiscalDateEnding": "1987-06-30"
  },
  {
    "date": "1987-03-30",
    "symbol": "XOM",
    "eps": 0.1876,
    "epsEstimated": null,
    "time": "bmo",
    "revenue": 17781000000,
    "revenueEstimated": null,
    "updatedFromDate": "2025-11-03",
    "fiscalDateEnding": "1987-03-31"
  },
  {
    "date": "1986-12-30",
    "symbol": "XOM",
    "eps": 0.2595,
    "epsEstimated": null,
    "time": "bmo",
    "revenue": 17525000000,
    "revenueEstimated": null,
    "updatedFromDate": "2025-11-03",
    "fiscalDateEnding": "1986-12-31"
  },
  {
    "date": "1986-09-29",
    "symbol": "XOM",
    "eps": 0.1826,
    "epsEstimated": null,
    "time": "bmo",
    "revenue": 15570000000,
    "revenueEstimated": null,
    "updatedFromDate": "2025-11-03",
    "fiscalDateEnding": "1986-09-30"
  },
  {
    "date": "1986-06-29",
    "symbol": "XOM",
    "eps": 0.1925,
    "epsEstimated": null,
    "time": "bmo",
    "revenue": 16427000000,
    "revenueEstimated": null,
    "updatedFromDate": "2025-11-03",
    "fiscalDateEnding": "1986-06-30"
  },
  {
    "date": "1986-03-30",
    "symbol": "XOM",
    "eps": 0.2924,
    "epsEstimated": null,
    "time": "bmo",
    "revenue": 20366000000,
    "revenueEstimated": null,
    "updatedFromDate": "2025-11-03",
    "fiscalDateEnding": "1986-03-31"
  },
  {
    "date": "1985-12-30",
    "symbol": "XOM",
    "eps": 0.3087,
    "epsEstimated": null,
    "time": "bmo",
    "revenue": 22706300000,
    "revenueEstimated": null,
    "updatedFromDate": "2025-11-03",
    "fiscalDateEnding": "1985-12-31"
  },
  {
    "date": "1985-09-29",
    "symbol": "XOM",
    "eps": 0.1653,
    "epsEstimated": null,
    "time": "bmo",
    "revenue": 20862300000,
    "revenueEstimated": null,
    "updatedFromDate": "2025-11-03",
    "fiscalDateEnding": "1985-09-30"
  }
]