[
  {
    "date": "2026-04-29",
    "symbol": "LLY",
    "eps": null,
    "epsEstimated": null,
    "time": "bmo",
    "revenue": null,
    "revenueEstimated": null,
    "updatedFromDate": "2026-01-24",
    "fiscalDateEnding": "2026-03-30"
  },
  {
    "date": "2026-02-05",
    "symbol": "LLY",
    "eps": null,
    "epsEstimated": 7.5,
    "time": "bmo",
    "revenue": null,
    "revenueEstimated": 17863642190,
    "updatedFromDate": "2026-01-24",
    "fiscalDateEnding": "2025-12-30"
  },
  {
    "date": "2025-10-30",
    "symbol": "LLY",
    "eps": 7.02,
    "epsEstimated": 5.69,
    "time": "bmo",
    "revenue": 17600800000,
    "revenueEstimated": 16052645133,
    "updatedFromDate": "2026-01-24",
    "fiscalDateEnding": "2025-09-30"
  },
  {
    "date": "2025-08-07",
    "symbol": "LLY",
    "eps": 6.31,
    "epsEstimated": 5.6,
    "time": "bmo",
    "revenue": 15557700000,
    "revenueEstimated": 14704131561,
    "updatedFromDate": "2025-11-07",
    "fiscalDateEnding": "2025-06-30"
  },
  {
    "date": "2025-05-01",
    "symbol": "LLY",
    "eps": 3.34,
    "epsEstimated": 3.26,
    "time": "bmo",
    "revenue": 12728500000,
    "revenueEstimated": 12667381362,
    "updatedFromDate": "2025-08-25",
    "fiscalDateEnding": "2025-03-31"
  },
  {
    "date": "2025-02-06",
    "symbol": "LLY",
    "eps": 5.32,
    "epsEstimated": 5.03,
    "time": "bmo",
    "revenue": 13532800000,
    "revenueEstimated": null,
    "updatedFromDate": "2025-04-30",
    "fiscalDateEnding": "2024-12-31"
  },
  {
    "date": "2024-10-30",
    "symbol": "LLY",
    "eps": 1.18,
    "epsEstimated": 1.47,
    "time": "bmo",
    "revenue": 11439100000,
    "revenueEstimated": 12097779593,
    "updatedFromDate": "2025-08-25",
    "fiscalDateEnding": "2024-09-30"
  },
  {
    "date": "2024-08-08",
    "symbol": "LLY",
    "eps": 3.92,
    "epsEstimated": 2.6,
    "time": "bmo",
    "revenue": 11302800000,
    "revenueEstimated": 9981495293,
    "updatedFromDate": "2025-08-25",
    "fiscalDateEnding": "2024-06-30"
  },
  {
    "date": "2024-04-30",
    "symbol": "LLY",
    "eps": 2.58,
    "epsEstimated": 2.46,
    "time": "bmo",
    "revenue": 8768000000,
    "revenueEstimated": 8935782453,
    "updatedFromDate": "2025-08-25",
    "fiscalDateEnding": "2024-03-31"
  },
  {
    "date": "2024-02-06",
    "symbol": "LLY",
    "eps": 2.49,
    "epsEstimated": 2.22,
    "time": "bmo",
    "revenue": 9353400000,
    "revenueEstimated": 8932340000,
    "updatedFromDate": "2025-08-25",
    "fiscalDateEnding": "2023-12-31"
  },
  {
    "date": "2023-11-02",
    "symbol": "LLY",
    "eps": 0.1,
    "epsEstimated": -0.08,
    "time": "bmo",
    "revenue": 9498600000,
    "revenueEstimated": 8954140000,
    "updatedFromDate": "2025-08-25",
    "fiscalDateEnding": "2023-09-30"
  },
  {
    "date": "2023-08-08",
    "symbol": "LLY",
    "eps": 2.11,
    "epsEstimated": 1.98,
    "time": "bmo",
    "revenue": 8312100000,
    "revenueEstimated": 7582400000,
    "updatedFromDate": "2025-08-25",
    "fiscalDateEnding": "2023-06-30"
  },
  {
    "date": "2023-04-27",
    "symbol": "LLY",
    "eps": 1.62,
    "epsEstimated": 1.73,
    "time": "bmo",
    "revenue": 6960000000,
    "revenueEstimated": 7550980000,
    "updatedFromDate": "2025-08-25",
    "fiscalDateEnding": "2023-03-31"
  },
  {
    "date": "2023-02-02",
    "symbol": "LLY",
    "eps": 2.09,
    "epsEstimated": 1.78,
    "time": "bmo",
    "revenue": 7301800000,
    "revenueEstimated": 7332491349,
    "updatedFromDate": "2025-08-25",
    "fiscalDateEnding": "2022-12-31"
  },
  {
    "date": "2022-11-01",
    "symbol": "LLY",
    "eps": 1.98,
    "epsEstimated": 1.92,
    "time": "bmo",
    "revenue": 6941600000,
    "revenueEstimated": 6887838354,
    "updatedFromDate": "2025-08-25",
    "fiscalDateEnding": "2022-09-30"
  },
  {
    "date": "2022-08-04",
    "symbol": "LLY",
    "eps": 1.25,
    "epsEstimated": 1.69,
    "time": "bmo",
    "revenue": 6488000000,
    "revenueEstimated": 6848884427,
    "updatedFromDate": "2025-08-25",
    "fiscalDateEnding": "2022-06-30"
  },
  {
    "date": "2022-04-28",
    "symbol": "LLY",
    "eps": 2.62,
    "epsEstimated": 2.32,
    "time": "bmo",
    "revenue": 7810000000,
    "revenueEstimated": 7287116783,
    "updatedFromDate": "2025-08-25",
    "fiscalDateEnding": "2022-03-31"
  },
  {
    "date": "2022-02-03",
    "symbol": "LLY",
    "eps": 2.49,
    "epsEstimated": 2.51,
    "time": "bmo",
    "revenue": 7999900000,
    "revenueEstimated": 7687478579,
    "updatedFromDate": "2025-08-25",
    "fiscalDateEnding": "2021-12-31"
  },
  {
    "date": "2021-10-26",
    "symbol": "LLY",
    "eps": 1.94,
    "epsEstimated": 1.98,
    "time": "bmo",
    "revenue": 6772800000,
    "revenueEstimated": 6570710000,
    "updatedFromDate": "2025-08-25",
    "fiscalDateEnding": "2021-09-30"
  },
  {
    "date": "2021-08-03",
    "symbol": "LLY",
    "eps": 1.87,
    "epsEstimated": 1.89,
    "time": "bmo",
    "revenue": 6740100000,
    "revenueEstimated": 6740100000,
    "updatedFromDate": "2025-08-25",
    "fiscalDateEnding": "2021-06-30"
  },
  {
    "date": "2021-04-27",
    "symbol": "LLY",
    "eps": 1.87,
    "epsEstimated": 2.12,
    "time": "bmo",
    "revenue": 6805600000,
    "revenueEstimated": 7636330516,
    "updatedFromDate": "2025-08-25",
    "fiscalDateEnding": "2021-03-31"
  },
  {
    "date": "2021-01-29",
    "symbol": "LLY",
    "eps": 2.75,
    "epsEstimated": 2.35,
    "time": "bmo",
    "revenue": 7440000000,
    "revenueEstimated": 6173617021,
    "updatedFromDate": "2025-08-25",
    "fiscalDateEnding": "2020-12-31"
  },
  {
    "date": "2020-10-27",
    "symbol": "LLY",
    "eps": 1.54,
    "epsEstimated": 1.71,
    "time": "bmo",
    "revenue": 5740600000,
    "revenueEstimated": 6373636363,
    "updatedFromDate": "2025-08-25",
    "fiscalDateEnding": "2020-09-30"
  },
  {
    "date": "2020-07-30",
    "symbol": "LLY",
    "eps": 1.89,
    "epsEstimated": 1.56,
    "time": "bmo",
    "revenue": 5499400000,
    "revenueEstimated": 4539187301,
    "updatedFromDate": "2025-08-25",
    "fiscalDateEnding": "2020-06-30"
  },
  {
    "date": "2020-04-23",
    "symbol": "LLY",
    "eps": 1.75,
    "epsEstimated": 1.48,
    "time": "bmo",
    "revenue": 5859800000,
    "revenueEstimated": 4955716571,
    "updatedFromDate": "2025-08-25",
    "fiscalDateEnding": "2020-03-31"
  },
  {
    "date": "2020-01-30",
    "symbol": "LLY",
    "eps": 1.73,
    "epsEstimated": 1.52,
    "time": "bmo",
    "revenue": 6114000000,
    "revenueEstimated": 5371838150,
    "updatedFromDate": "2025-08-25",
    "fiscalDateEnding": "2019-12-31"
  },
  {
    "date": "2019-10-23",
    "symbol": "LLY",
    "eps": 1.48,
    "epsEstimated": 1.41,
    "time": "bmo",
    "revenue": 5476600000,
    "revenueEstimated": 5217571621,
    "updatedFromDate": "2025-08-25",
    "fiscalDateEnding": "2019-09-30"
  },
  {
    "date": "2019-07-30",
    "symbol": "LLY",
    "eps": 1.5,
    "epsEstimated": 1.45,
    "time": "bmo",
    "revenue": 5636700000,
    "revenueEstimated": 5448810000,
    "updatedFromDate": "2025-08-25",
    "fiscalDateEnding": "2019-06-30"
  },
  {
    "date": "2019-04-30",
    "symbol": "LLY",
    "eps": 1.33,
    "epsEstimated": 1.32,
    "time": "bmo",
    "revenue": 5092200000,
    "revenueEstimated": 5015625563,
    "updatedFromDate": "2025-08-25",
    "fiscalDateEnding": "2019-03-31"
  },
  {
    "date": "2019-02-06",
    "symbol": "LLY",
    "eps": 1.33,
    "epsEstimated": 1.34,
    "time": "bmo",
    "revenue": 6438600000,
    "revenueEstimated": 5679987969,
    "updatedFromDate": "2025-08-25",
    "fiscalDateEnding": "2018-12-31"
  },
  {
    "date": "2018-11-06",
    "symbol": "LLY",
    "eps": 1.39,
    "epsEstimated": 1.35,
    "time": "bmo",
    "revenue": 5306900000,
    "revenueEstimated": 5154183453,
    "updatedFromDate": "2025-08-25",
    "fiscalDateEnding": "2018-09-30"
  },
  {
    "date": "2018-07-24",
    "symbol": "LLY",
    "eps": 1.5,
    "epsEstimated": 1.31,
    "time": "bmo",
    "revenue": 5585000000,
    "revenueEstimated": 4840333333,
    "updatedFromDate": "2025-08-25",
    "fiscalDateEnding": "2018-06-30"
  },
  {
    "date": "2018-04-24",
    "symbol": "LLY",
    "eps": 1.34,
    "epsEstimated": 1.13,
    "time": "bmo",
    "revenue": 4963800000,
    "revenueEstimated": 4185891044,
    "updatedFromDate": "2025-08-25",
    "fiscalDateEnding": "2018-03-31"
  },
  {
    "date": "2018-01-31",
    "symbol": "LLY",
    "eps": 1.14,
    "epsEstimated": 1.08,
    "time": "bmo",
    "revenue": 6160700000,
    "revenueEstimated": 5782411403,
    "updatedFromDate": "2025-08-25",
    "fiscalDateEnding": "2017-12-31"
  },
  {
    "date": "2017-10-24",
    "symbol": "LLY",
    "eps": 1.05,
    "epsEstimated": 1.03,
    "time": "bmo",
    "revenue": 5658000000,
    "revenueEstimated": 5550228571,
    "updatedFromDate": "2025-08-25",
    "fiscalDateEnding": "2017-09-30"
  },
  {
    "date": "2017-07-25",
    "symbol": "LLY",
    "eps": 1.11,
    "epsEstimated": 1.05,
    "time": "bmo",
    "revenue": 5824300000,
    "revenueEstimated": 5509472972,
    "updatedFromDate": "2025-08-25",
    "fiscalDateEnding": "2017-06-30"
  },
  {
    "date": "2017-04-25",
    "symbol": "LLY",
    "eps": 0.98,
    "epsEstimated": 0.96,
    "time": "bmo",
    "revenue": 5228300000,
    "revenueEstimated": 5121600000,
    "updatedFromDate": "2025-08-25",
    "fiscalDateEnding": "2017-03-31"
  },
  {
    "date": "2017-01-31",
    "symbol": "LLY",
    "eps": 0.95,
    "epsEstimated": 0.99,
    "time": "bmo",
    "revenue": 5760500000,
    "revenueEstimated": 5942410526,
    "updatedFromDate": "2025-08-25",
    "fiscalDateEnding": "2016-12-31"
  },
  {
    "date": "2016-10-25",
    "symbol": "LLY",
    "eps": 0.88,
    "epsEstimated": 0.96,
    "time": "bmo",
    "revenue": 5191700000,
    "revenueEstimated": 5663672727,
    "updatedFromDate": "2025-08-25",
    "fiscalDateEnding": "2016-09-30"
  },
  {
    "date": "2016-07-26",
    "symbol": "LLY",
    "eps": 0.86,
    "epsEstimated": 0.86,
    "time": "bmo",
    "revenue": 5404800000,
    "revenueEstimated": 5404800000,
    "updatedFromDate": "2025-08-25",
    "fiscalDateEnding": "2016-06-30"
  },
  {
    "date": "2016-04-26",
    "symbol": "LLY",
    "eps": 0.83,
    "epsEstimated": 0.85,
    "time": "bmo",
    "revenue": 4865100000,
    "revenueEstimated": 4982331325,
    "updatedFromDate": "2025-08-25",
    "fiscalDateEnding": "2016-03-31"
  },
  {
    "date": "2016-01-28",
    "symbol": "LLY",
    "eps": 0.78,
    "epsEstimated": 0.77,
    "time": "bmo",
    "revenue": 5375600000,
    "revenueEstimated": 5375600000,
    "updatedFromDate": "2025-08-25",
    "fiscalDateEnding": "2015-12-31"
  },
  {
    "date": "2015-10-22",
    "symbol": "LLY",
    "eps": 0.89,
    "epsEstimated": 0.76,
    "time": "bmo",
    "revenue": 4959700000,
    "revenueEstimated": 4235249438,
    "updatedFromDate": "2025-08-25",
    "fiscalDateEnding": "2015-09-30"
  },
  {
    "date": "2015-07-23",
    "symbol": "LLY",
    "eps": 0.9,
    "epsEstimated": 0.74,
    "time": "bmo",
    "revenue": 4978700000,
    "revenueEstimated": 4093597777,
    "updatedFromDate": "2025-08-25",
    "fiscalDateEnding": "2015-06-30"
  },
  {
    "date": "2015-04-23",
    "symbol": "LLY",
    "eps": 0.87,
    "epsEstimated": 0.76,
    "time": "bmo",
    "revenue": 4644700000,
    "revenueEstimated": 4110826436,
    "updatedFromDate": "2025-08-25",
    "fiscalDateEnding": "2015-03-31"
  },
  {
    "date": "2015-01-30",
    "symbol": "LLY",
    "eps": 0.75,
    "epsEstimated": 0.74,
    "time": "bmo",
    "revenue": 5121300000,
    "revenueEstimated": 5053016000,
    "updatedFromDate": "2025-08-25",
    "fiscalDateEnding": "2014-12-31"
  },
  {
    "date": "2014-10-23",
    "symbol": "LLY",
    "eps": 0.66,
    "epsEstimated": 0.66,
    "time": "bmo",
    "revenue": 4875600000,
    "revenueEstimated": 4949472727,
    "updatedFromDate": "2025-08-25",
    "fiscalDateEnding": "2014-09-30"
  },
  {
    "date": "2014-07-24",
    "symbol": "LLY",
    "eps": 0.68,
    "epsEstimated": 0.65,
    "time": "bmo",
    "revenue": 4935600000,
    "revenueEstimated": 4717852941,
    "updatedFromDate": "2025-08-25",
    "fiscalDateEnding": "2014-06-30"
  },
  {
    "date": "2014-04-24",
    "symbol": "LLY",
    "eps": 0.7,
    "epsEstimated": 0.7,
    "time": "bmo",
    "revenue": 4683100000,
    "revenueEstimated": 4683100000,
    "updatedFromDate": "2025-08-25",
    "fiscalDateEnding": "2014-03-31"
  },
  {
    "date": "2014-01-30",
    "symbol": "LLY",
    "eps": 0.74,
    "epsEstimated": 0.74,
    "time": "bmo",
    "revenue": 5808800000,
    "revenueEstimated": 5808800000,
    "updatedFromDate": "2025-08-25",
    "fiscalDateEnding": "2013-12-31"
  },
  {
    "date": "2013-10-23",
    "symbol": "LLY",
    "eps": 1.11,
    "epsEstimated": 1.04,
    "time": "bmo",
    "revenue": 5772600000,
    "revenueEstimated": 5408562162,
    "updatedFromDate": "2025-08-25",
    "fiscalDateEnding": "2013-09-30"
  },
  {
    "date": "2013-07-24",
    "symbol": "LLY",
    "eps": 1.16,
    "epsEstimated": 1,
    "time": "bmo",
    "revenue": 5929700000,
    "revenueEstimated": 5111810344,
    "updatedFromDate": "2025-08-25",
    "fiscalDateEnding": "2013-06-30"
  },
  {
    "date": "2013-04-24",
    "symbol": "LLY",
    "eps": 1.14,
    "epsEstimated": 1.05,
    "time": "bmo",
    "revenue": 5602000000,
    "revenueEstimated": 5159736842,
    "updatedFromDate": "2025-08-25",
    "fiscalDateEnding": "2013-03-31"
  },
  {
    "date": "2013-01-29",
    "symbol": "LLY",
    "eps": 0.85,
    "epsEstimated": 0.78,
    "time": "bmo",
    "revenue": 5957400000,
    "revenueEstimated": 5466790588,
    "updatedFromDate": "2025-08-25",
    "fiscalDateEnding": "2012-12-31"
  },
  {
    "date": "2012-10-24",
    "symbol": "LLY",
    "eps": 0.79,
    "epsEstimated": 0.83,
    "time": "bmo",
    "revenue": 5443300000,
    "revenueEstimated": 5718910126,
    "updatedFromDate": "2025-08-25",
    "fiscalDateEnding": "2012-09-30"
  },
  {
    "date": "2012-07-25",
    "symbol": "LLY",
    "eps": 0.83,
    "epsEstimated": 0.77,
    "time": "bmo",
    "revenue": 5600700000,
    "revenueEstimated": 5195830120,
    "updatedFromDate": "2025-08-25",
    "fiscalDateEnding": "2012-06-30"
  },
  {
    "date": "2012-04-25",
    "symbol": "LLY",
    "eps": 0.92,
    "epsEstimated": 0.78,
    "time": "bmo",
    "revenue": 5602000000,
    "revenueEstimated": 4749521739,
    "updatedFromDate": "2025-08-25",
    "fiscalDateEnding": "2012-03-31"
  },
  {
    "date": "2012-01-31",
    "symbol": "LLY",
    "eps": 0.87,
    "epsEstimated": 0.81,
    "time": "bmo",
    "revenue": 6046600000,
    "revenueEstimated": 5629593103,
    "updatedFromDate": "2025-08-25",
    "fiscalDateEnding": "2011-12-31"
  },
  {
    "date": "2011-10-20",
    "symbol": "LLY",
    "eps": 1.13,
    "epsEstimated": 1.13,
    "time": "bmo",
    "revenue": 6147900000,
    "revenueEstimated": 6147900000,
    "updatedFromDate": "2025-08-25",
    "fiscalDateEnding": "2011-09-30"
  },
  {
    "date": "2011-07-21",
    "symbol": "LLY",
    "eps": 1.18,
    "epsEstimated": 1.18,
    "time": "bmo",
    "revenue": 6252800000,
    "revenueEstimated": 6252800000,
    "updatedFromDate": "2025-08-25",
    "fiscalDateEnding": "2011-06-30"
  },
  {
    "date": "2011-04-18",
    "symbol": "LLY",
    "eps": 1.24,
    "epsEstimated": 1.17,
    "time": "bmo",
    "revenue": 5839200000,
    "revenueEstimated": 5509567741,
    "updatedFromDate": "2025-08-25",
    "fiscalDateEnding": "2011-03-31"
  },
  {
    "date": "2011-01-27",
    "symbol": "LLY",
    "eps": 1.11,
    "epsEstimated": 1.1,
    "time": "bmo",
    "revenue": 6187000000,
    "revenueEstimated": 6131261261,
    "updatedFromDate": "2025-08-25",
    "fiscalDateEnding": "2010-12-31"
  },
  {
    "date": "2010-10-21",
    "symbol": "LLY",
    "eps": 1.21,
    "epsEstimated": 1.15,
    "time": "bmo",
    "revenue": 5654800000,
    "revenueEstimated": 5374396694,
    "updatedFromDate": "2025-08-25",
    "fiscalDateEnding": "2010-09-30"
  },
  {
    "date": "2010-07-22",
    "symbol": "LLY",
    "eps": 1.24,
    "epsEstimated": 1.1,
    "time": "bmo",
    "revenue": 5748700000,
    "revenueEstimated": 5099653225,
    "updatedFromDate": "2025-08-25",
    "fiscalDateEnding": "2010-06-30"
  },
  {
    "date": "2010-04-19",
    "symbol": "LLY",
    "eps": 1.18,
    "epsEstimated": 1.1,
    "time": "bmo",
    "revenue": 5485500000,
    "revenueEstimated": 5113601694,
    "updatedFromDate": "2025-08-25",
    "fiscalDateEnding": "2010-03-31"
  },
  {
    "date": "2010-01-28",
    "symbol": "LLY",
    "eps": 0.91,
    "epsEstimated": 0.92,
    "time": "bmo",
    "revenue": 5934200000,
    "revenueEstimated": 5999410989,
    "updatedFromDate": "2025-08-25",
    "fiscalDateEnding": "2009-12-31"
  },
  {
    "date": "2009-10-21",
    "symbol": "LLY",
    "eps": 1.2,
    "epsEstimated": 1.02,
    "time": "bmo",
    "revenue": 5562000000,
    "revenueEstimated": 4727700000,
    "updatedFromDate": "2025-08-25",
    "fiscalDateEnding": "2009-09-30"
  },
  {
    "date": "2009-07-22",
    "symbol": "LLY",
    "eps": 1.12,
    "epsEstimated": 1.02,
    "time": "bmo",
    "revenue": 5292800000,
    "revenueEstimated": 4820228571,
    "updatedFromDate": "2025-08-25",
    "fiscalDateEnding": "2009-06-30"
  },
  {
    "date": "2009-04-20",
    "symbol": "LLY",
    "eps": 1.2,
    "epsEstimated": 0.99,
    "time": "bmo",
    "revenue": 5047000000,
    "revenueEstimated": 4163775000,
    "updatedFromDate": "2025-08-25",
    "fiscalDateEnding": "2009-03-31"
  },
  {
    "date": "2009-01-29",
    "symbol": "LLY",
    "eps": 1.07,
    "epsEstimated": 1.05,
    "time": "bmo",
    "revenue": 5210500000,
    "revenueEstimated": 5107121495,
    "updatedFromDate": "2025-08-25",
    "fiscalDateEnding": "2008-12-31"
  },
  {
    "date": "2008-10-23",
    "symbol": "LLY",
    "eps": 1.04,
    "epsEstimated": 1.02,
    "time": "bmo",
    "revenue": 5209500000,
    "revenueEstimated": 5109317307,
    "updatedFromDate": "2025-08-25",
    "fiscalDateEnding": "2008-09-30"
  },
  {
    "date": "2008-07-24",
    "symbol": "LLY",
    "eps": 0.99,
    "epsEstimated": 1,
    "time": "bmo",
    "revenue": 5150400000,
    "revenueEstimated": 5202424242,
    "updatedFromDate": "2025-08-25",
    "fiscalDateEnding": "2008-06-30"
  },
  {
    "date": "2008-04-21",
    "symbol": "LLY",
    "eps": 0.92,
    "epsEstimated": 0.96,
    "time": "bmo",
    "revenue": 4807600000,
    "revenueEstimated": 5016626086,
    "updatedFromDate": "2025-08-25",
    "fiscalDateEnding": "2008-03-31"
  },
  {
    "date": "2008-01-29",
    "symbol": "LLY",
    "eps": 0.9,
    "epsEstimated": 0.89,
    "time": "bmo",
    "revenue": 5189600000,
    "revenueEstimated": 5131937777,
    "updatedFromDate": "2025-08-25",
    "fiscalDateEnding": "2007-12-31"
  },
  {
    "date": "2007-10-18",
    "symbol": "LLY",
    "eps": 0.91,
    "epsEstimated": 0.87,
    "time": "bmo",
    "revenue": 4586800000,
    "revenueEstimated": 4385182417,
    "updatedFromDate": "2025-08-25",
    "fiscalDateEnding": "2007-09-30"
  },
  {
    "date": "2007-07-24",
    "symbol": "LLY",
    "eps": 0.9,
    "epsEstimated": 0.82,
    "time": "bmo",
    "revenue": 4631000000,
    "revenueEstimated": 4219355555,
    "updatedFromDate": "2025-08-25",
    "fiscalDateEnding": "2007-06-30"
  },
  {
    "date": "2007-04-16",
    "symbol": "LLY",
    "eps": 0.84,
    "epsEstimated": 0.79,
    "time": "bmo",
    "revenue": 4226100000,
    "revenueEstimated": 3974546428,
    "updatedFromDate": "2025-08-25",
    "fiscalDateEnding": "2007-03-31"
  },
  {
    "date": "2007-01-31",
    "symbol": "LLY",
    "eps": 0.85,
    "epsEstimated": 0.82,
    "time": "bmo",
    "revenue": 4245300000,
    "revenueEstimated": 4095465882,
    "updatedFromDate": "2025-08-25",
    "fiscalDateEnding": "2006-12-31"
  },
  {
    "date": "2006-10-19",
    "symbol": "LLY",
    "eps": 0.8,
    "epsEstimated": 0.79,
    "time": "bmo",
    "revenue": 3864100000,
    "revenueEstimated": 3815798750,
    "updatedFromDate": "2025-08-25",
    "fiscalDateEnding": "2006-09-30"
  },
  {
    "date": "2006-07-21",
    "symbol": "LLY",
    "eps": 0.76,
    "epsEstimated": 0.75,
    "time": "bmo",
    "revenue": 3866900000,
    "revenueEstimated": 3816019736,
    "updatedFromDate": "2025-08-25",
    "fiscalDateEnding": "2006-06-30"
  },
  {
    "date": "2006-04-20",
    "symbol": "LLY",
    "eps": 0.77,
    "epsEstimated": 0.75,
    "time": "bmo",
    "revenue": 3714700000,
    "revenueEstimated": 3618214285,
    "updatedFromDate": "2025-08-25",
    "fiscalDateEnding": "2006-03-31"
  },
  {
    "date": "2006-01-26",
    "symbol": "LLY",
    "eps": 0.8,
    "epsEstimated": 0.78,
    "time": "bmo",
    "revenue": 3879100000,
    "revenueEstimated": 3779635897,
    "updatedFromDate": "2025-08-25",
    "fiscalDateEnding": "2005-12-31"
  },
  {
    "date": "2005-10-20",
    "symbol": "LLY",
    "eps": 0.73,
    "epsEstimated": 0.71,
    "time": "bmo",
    "revenue": 3601100000,
    "revenueEstimated": 3502439726,
    "updatedFromDate": "2025-08-25",
    "fiscalDateEnding": "2005-09-30"
  },
  {
    "date": "2005-07-21",
    "symbol": "LLY",
    "eps": 0.67,
    "epsEstimated": 0.67,
    "time": "bmo",
    "revenue": 3667700000,
    "revenueEstimated": 3667700000,
    "updatedFromDate": "2025-08-25",
    "fiscalDateEnding": "2005-06-30"
  },
  {
    "date": "2005-04-18",
    "symbol": "LLY",
    "eps": 0.68,
    "epsEstimated": 0.66,
    "time": "bmo",
    "revenue": 3497400000,
    "revenueEstimated": 3394535294,
    "updatedFromDate": "2025-08-25",
    "fiscalDateEnding": "2005-03-31"
  },
  {
    "date": "2005-01-26",
    "symbol": "LLY",
    "eps": 0.75,
    "epsEstimated": 0.74,
    "time": "bmo",
    "revenue": 3644300000,
    "revenueEstimated": 3595052702,
    "updatedFromDate": "2025-08-25",
    "fiscalDateEnding": "2004-12-31"
  },
  {
    "date": "2004-10-21",
    "symbol": "LLY",
    "eps": 0.69,
    "epsEstimated": 0.68,
    "time": "bmo",
    "revenue": 3280400000,
    "revenueEstimated": 3232857971,
    "updatedFromDate": "2025-08-25",
    "fiscalDateEnding": "2004-09-30"
  },
  {
    "date": "2004-07-22",
    "symbol": "LLY",
    "eps": 0.68,
    "epsEstimated": 0.68,
    "time": "bmo",
    "revenue": 3556300000,
    "revenueEstimated": 3556300000,
    "updatedFromDate": "2025-08-25",
    "fiscalDateEnding": "2004-06-30"
  },
  {
    "date": "2004-04-19",
    "symbol": "LLY",
    "eps": 0.7,
    "epsEstimated": 0.66,
    "time": "bmo",
    "revenue": 3376900000,
    "revenueEstimated": 3183934285,
    "updatedFromDate": "2025-08-25",
    "fiscalDateEnding": "2004-03-31"
  },
  {
    "date": "2004-01-29",
    "symbol": "LLY",
    "eps": 0.67,
    "epsEstimated": 0.67,
    "time": "bmo",
    "revenue": 3465500000,
    "revenueEstimated": 3465500000,
    "updatedFromDate": "2025-08-25",
    "fiscalDateEnding": "2003-12-31"
  },
  {
    "date": "2003-10-22",
    "symbol": "LLY",
    "eps": 0.66,
    "epsEstimated": 0.66,
    "time": "bmo",
    "revenue": 3139400000,
    "revenueEstimated": 3139400000,
    "updatedFromDate": "2025-08-25",
    "fiscalDateEnding": "2003-09-30"
  },
  {
    "date": "2003-07-24",
    "symbol": "LLY",
    "eps": 0.64,
    "epsEstimated": 0.6,
    "time": "bmo",
    "revenue": 3088200000,
    "revenueEstimated": 2895187500,
    "updatedFromDate": "2025-08-25",
    "fiscalDateEnding": "2003-06-30"
  },
  {
    "date": "2003-04-22",
    "symbol": "LLY",
    "eps": 0.61,
    "epsEstimated": 0.58,
    "time": "bmo",
    "revenue": 2889400000,
    "revenueEstimated": 2747298360,
    "updatedFromDate": "2025-08-25",
    "fiscalDateEnding": "2003-03-31"
  },
  {
    "date": "2003-01-23",
    "symbol": "LLY",
    "eps": 0.68,
    "epsEstimated": 0.68,
    "time": "bmo",
    "revenue": 2955600000,
    "revenueEstimated": 2955600000,
    "updatedFromDate": "2025-08-25",
    "fiscalDateEnding": "2002-12-31"
  },
  {
    "date": "2002-10-23",
    "symbol": "LLY",
    "eps": 0.68,
    "epsEstimated": 0.68,
    "time": "bmo",
    "revenue": 2785600000,
    "revenueEstimated": 2785600000,
    "updatedFromDate": "2025-08-25",
    "fiscalDateEnding": "2002-09-30"
  },
  {
    "date": "2002-07-18",
    "symbol": "LLY",
    "eps": 0.61,
    "epsEstimated": 0.61,
    "time": "bmo",
    "revenue": 2775200000,
    "revenueEstimated": 2775200000,
    "updatedFromDate": "2025-08-25",
    "fiscalDateEnding": "2002-06-30"
  },
  {
    "date": "2002-04-15",
    "symbol": "LLY",
    "eps": 0.58,
    "epsEstimated": 0.58,
    "time": "bmo",
    "revenue": 2561100000,
    "revenueEstimated": 2561100000,
    "updatedFromDate": "2025-08-25",
    "fiscalDateEnding": "2002-03-31"
  },
  {
    "date": "2002-01-24",
    "symbol": "LLY",
    "eps": 0.6,
    "epsEstimated": 0.6,
    "time": "bmo",
    "revenue": 2828900000,
    "revenueEstimated": 2828900000,
    "updatedFromDate": "2025-08-25",
    "fiscalDateEnding": "2001-12-31"
  },
  {
    "date": "2001-10-18",
    "symbol": "LLY",
    "eps": 0.66,
    "epsEstimated": 0.66,
    "time": "bmo",
    "revenue": 2874400000,
    "revenueEstimated": 2874400000,
    "updatedFromDate": "2025-08-25",
    "fiscalDateEnding": "2001-09-30"
  },
  {
    "date": "2001-07-19",
    "symbol": "LLY",
    "eps": 0.76,
    "epsEstimated": 0.74,
    "time": "bmo",
    "revenue": 3033500000,
    "revenueEstimated": 2953671052,
    "updatedFromDate": "2025-08-25",
    "fiscalDateEnding": "2001-06-30"
  },
  {
    "date": "2001-04-16",
    "symbol": "LLY",
    "eps": 0.74,
    "epsEstimated": 0.73,
    "time": "bmo",
    "revenue": 2805700000,
    "revenueEstimated": 2767785135,
    "updatedFromDate": "2025-08-25",
    "fiscalDateEnding": "2001-03-31"
  },
  {
    "date": "2001-01-25",
    "symbol": "LLY",
    "eps": 0.7,
    "epsEstimated": 0.7,
    "time": "bmo",
    "revenue": 2977700000,
    "revenueEstimated": 2977700000,
    "updatedFromDate": "2025-08-25",
    "fiscalDateEnding": "2000-12-31"
  },
  {
    "date": "2000-10-19",
    "symbol": "LLY",
    "eps": 0.71,
    "epsEstimated": 0.71,
    "time": "bmo",
    "revenue": 2811900000,
    "revenueEstimated": 2811900000,
    "updatedFromDate": "2025-08-25",
    "fiscalDateEnding": "2000-09-30"
  },
  {
    "date": "2000-07-20",
    "symbol": "LLY",
    "eps": 0.61,
    "epsEstimated": 0.6,
    "time": "bmo",
    "revenue": 2621500000,
    "revenueEstimated": 2578524590,
    "updatedFromDate": "2025-08-25",
    "fiscalDateEnding": "2000-06-30"
  },
  {
    "date": "2000-04-17",
    "symbol": "LLY",
    "eps": 0.63,
    "epsEstimated": 0.61,
    "time": "bmo",
    "revenue": 2451100000,
    "revenueEstimated": 2373287301,
    "updatedFromDate": "2025-08-25",
    "fiscalDateEnding": "2000-03-31"
  },
  {
    "date": "2000-01-27",
    "symbol": "LLY",
    "eps": 0.61,
    "epsEstimated": 0.61,
    "time": "bmo",
    "revenue": 2820500000,
    "revenueEstimated": 2820500000,
    "updatedFromDate": "2025-08-25",
    "fiscalDateEnding": "1999-12-31"
  },
  {
    "date": "1999-10-20",
    "symbol": "LLY",
    "eps": 0.62,
    "epsEstimated": 0.62,
    "time": "bmo",
    "revenue": 2585200000,
    "revenueEstimated": 2585200000,
    "updatedFromDate": "2025-08-25",
    "fiscalDateEnding": "1999-09-30"
  },
  {
    "date": "1999-07-21",
    "symbol": "LLY",
    "eps": 0.52,
    "epsEstimated": 0.51,
    "time": "bmo",
    "revenue": 2341600000,
    "revenueEstimated": 2296569230,
    "updatedFromDate": "2025-08-25",
    "fiscalDateEnding": "1999-06-30"
  },
  {
    "date": "1999-04-19",
    "symbol": "LLY",
    "eps": 0.53,
    "epsEstimated": 0.53,
    "time": "bmo",
    "revenue": 2255600000,
    "revenueEstimated": 2255600000,
    "updatedFromDate": "2025-08-25",
    "fiscalDateEnding": "1999-03-31"
  },
  {
    "date": "1999-01-28",
    "symbol": "LLY",
    "eps": 0.5,
    "epsEstimated": 0.51,
    "time": "bmo",
    "revenue": 2053800000,
    "revenueEstimated": 2094070588,
    "updatedFromDate": "2025-08-25",
    "fiscalDateEnding": "1998-12-31"
  },
  {
    "date": "1998-10-21",
    "symbol": "LLY",
    "eps": 0.53,
    "epsEstimated": 0.51,
    "time": "bmo",
    "revenue": 2359400000,
    "revenueEstimated": 2270366037,
    "updatedFromDate": "2025-08-25",
    "fiscalDateEnding": "1998-09-30"
  },
  {
    "date": "1998-07-22",
    "symbol": "LLY",
    "eps": 0.45,
    "epsEstimated": 0.43,
    "time": "bmo",
    "revenue": 2155000000,
    "revenueEstimated": 2059222222,
    "updatedFromDate": "2025-08-25",
    "fiscalDateEnding": "1998-06-30"
  },
  {
    "date": "1998-04-20",
    "symbol": "LLY",
    "eps": 0.47,
    "epsEstimated": 0.46,
    "time": "bmo",
    "revenue": 2087000000,
    "revenueEstimated": 2042595744,
    "updatedFromDate": "2025-08-25",
    "fiscalDateEnding": "1998-03-31"
  },
  {
    "date": "1998-01-29",
    "symbol": "LLY",
    "eps": 0.41,
    "epsEstimated": 0.42,
    "time": "bmo",
    "revenue": 2415800000,
    "revenueEstimated": 2473319047,
    "updatedFromDate": "2025-08-25",
    "fiscalDateEnding": "1997-12-31"
  },
  {
    "date": "1997-10-20",
    "symbol": "LLY",
    "eps": 0.41,
    "epsEstimated": 0.4,
    "time": "bmo",
    "revenue": 2160100000,
    "revenueEstimated": 2107414634,
    "updatedFromDate": "2025-08-25",
    "fiscalDateEnding": "1997-09-30"
  },
  {
    "date": "1997-07-23",
    "symbol": "LLY",
    "eps": 0.38,
    "epsEstimated": 0.38,
    "time": "bmo",
    "revenue": 1988700000,
    "revenueEstimated": 1988700000,
    "updatedFromDate": "2025-08-25",
    "fiscalDateEnding": "1997-06-30"
  },
  {
    "date": "1997-04-21",
    "symbol": "LLY",
    "eps": 0.41,
    "epsEstimated": 0.4,
    "time": "bmo",
    "revenue": 1953000000,
    "revenueEstimated": 1905365853,
    "updatedFromDate": "2025-08-25",
    "fiscalDateEnding": "1997-03-31"
  },
  {
    "date": "1997-01-27",
    "symbol": "LLY",
    "eps": 0.34,
    "epsEstimated": 0.34,
    "time": "bmo",
    "revenue": 2061100000,
    "revenueEstimated": 2061100000,
    "updatedFromDate": "2025-08-25",
    "fiscalDateEnding": "1996-12-31"
  },
  {
    "date": "1996-10-22",
    "symbol": "LLY",
    "eps": 0.38,
    "epsEstimated": 0.32,
    "time": "bmo",
    "revenue": 1803900000,
    "revenueEstimated": null,
    "updatedFromDate": "2025-08-25",
    "fiscalDateEnding": "1996-09-30"
  },
  {
    "date": "1996-07-16",
    "symbol": "LLY",
    "eps": 0.32,
    "epsEstimated": 0.32,
    "time": "bmo",
    "revenue": 1698300000,
    "revenueEstimated": null,
    "updatedFromDate": "2025-08-25",
    "fiscalDateEnding": "1996-06-30"
  },
  {
    "date": "1996-04-15",
    "symbol": "LLY",
    "eps": 0.36,
    "epsEstimated": 0.36,
    "time": "bmo",
    "revenue": 1783300000,
    "revenueEstimated": null,
    "updatedFromDate": "2025-08-25",
    "fiscalDateEnding": "1996-03-31"
  },
  {
    "date": "1996-01-30",
    "symbol": "LLY",
    "eps": 0.28,
    "epsEstimated": 0.28,
    "time": "bmo",
    "revenue": 1799800000,
    "revenueEstimated": null,
    "updatedFromDate": "2025-08-25",
    "fiscalDateEnding": "1995-12-31"
  },
  {
    "date": "1995-10-17",
    "symbol": "LLY",
    "eps": 0.27,
    "epsEstimated": 0.27,
    "time": "bmo",
    "revenue": 1631900000,
    "revenueEstimated": null,
    "updatedFromDate": "2025-08-25",
    "fiscalDateEnding": "1995-09-30"
  },
  {
    "date": "1995-07-18",
    "symbol": "LLY",
    "eps": 0.27,
    "epsEstimated": 0.27,
    "time": "bmo",
    "revenue": 1614800000,
    "revenueEstimated": null,
    "updatedFromDate": "2025-08-25",
    "fiscalDateEnding": "1995-06-30"
  },
  {
    "date": "1995-04-17",
    "symbol": "LLY",
    "eps": 0.33,
    "epsEstimated": 0.32,
    "time": "bmo",
    "revenue": 1717300000,
    "revenueEstimated": null,
    "updatedFromDate": "2025-08-25",
    "fiscalDateEnding": "1995-03-31"
  },
  {
    "date": "1995-02-14",
    "symbol": "LLY",
    "eps": 0.23,
    "epsEstimated": 0.27,
    "time": "bmo",
    "revenue": 578700000,
    "revenueEstimated": null,
    "updatedFromDate": "2025-08-25",
    "fiscalDateEnding": "1994-12-31"
  },
  {
    "date": "1994-10-18",
    "symbol": "LLY",
    "eps": 0.31,
    "epsEstimated": 0.29,
    "time": "bmo",
    "revenue": 1817400000,
    "revenueEstimated": null,
    "updatedFromDate": "2025-08-25",
    "fiscalDateEnding": "1994-09-30"
  },
  {
    "date": "1994-07-15",
    "symbol": "LLY",
    "eps": 0.31,
    "epsEstimated": 0.3,
    "time": "bmo",
    "revenue": 1678500000,
    "revenueEstimated": null,
    "updatedFromDate": "2025-08-25",
    "fiscalDateEnding": "1994-06-30"
  },
  {
    "date": "1994-04-18",
    "symbol": "LLY",
    "eps": 0.32,
    "epsEstimated": 0.31,
    "time": "bmo",
    "revenue": 1637000000,
    "revenueEstimated": null,
    "updatedFromDate": "2025-08-25",
    "fiscalDateEnding": "1994-03-31"
  },
  {
    "date": "1994-02-04",
    "symbol": "LLY",
    "eps": 0.28,
    "epsEstimated": 0.29,
    "time": "bmo",
    "revenue": 1800800000,
    "revenueEstimated": null,
    "updatedFromDate": "2025-08-25",
    "fiscalDateEnding": "1993-12-31"
  },
  {
    "date": "1993-10-19",
    "symbol": "LLY",
    "eps": 0.25,
    "epsEstimated": 0.24,
    "time": "bmo",
    "revenue": 1530600000,
    "revenueEstimated": null,
    "updatedFromDate": "2025-08-25",
    "fiscalDateEnding": "1993-09-30"
  },
  {
    "date": "1993-07-19",
    "symbol": "LLY",
    "eps": 0.3,
    "epsEstimated": 0.3,
    "time": "bmo",
    "revenue": 1561000000,
    "revenueEstimated": null,
    "updatedFromDate": "2025-08-25",
    "fiscalDateEnding": "1993-06-30"
  },
  {
    "date": "1993-04-20",
    "symbol": "LLY",
    "eps": 0.32,
    "epsEstimated": 0.31,
    "time": "bmo",
    "revenue": 1560000000,
    "revenueEstimated": null,
    "updatedFromDate": "2025-08-25",
    "fiscalDateEnding": "1993-03-31"
  },
  {
    "date": "1993-02-11",
    "symbol": "LLY",
    "eps": 0.29,
    "epsEstimated": 0.29,
    "time": "bmo",
    "revenue": 1476500000,
    "revenueEstimated": null,
    "updatedFromDate": "2025-08-25",
    "fiscalDateEnding": "1992-09-30"
  },
  {
    "date": "1992-12-31",
    "symbol": "LLY",
    "eps": 0.2672,
    "epsEstimated": null,
    "time": "bmo",
    "revenue": 1655400000,
    "revenueEstimated": null,
    "updatedFromDate": "2025-08-25",
    "fiscalDateEnding": "1992-12-31"
  },
  {
    "date": "1992-06-30",
    "symbol": "LLY",
    "eps": 0.29,
    "epsEstimated": null,
    "time": "bmo",
    "revenue": 1478300000,
    "revenueEstimated": null,
    "updatedFromDate": "2025-08-25",
    "fiscalDateEnding": "1992-06-30"
  },
  {
    "date": "1992-03-31",
    "symbol": "LLY",
    "eps": 0.38,
    "epsEstimated": null,
    "time": "bmo",
    "revenue": 1557100000,
    "revenueEstimated": null,
    "updatedFromDate": "2025-08-25",
    "fiscalDateEnding": "1992-03-31"
  },
  {
    "date": "1991-12-31",
    "symbol": "LLY",
    "eps": 0.2672,
    "epsEstimated": null,
    "time": "bmo",
    "revenue": 1572600000,
    "revenueEstimated": null,
    "updatedFromDate": "2025-08-25",
    "fiscalDateEnding": "1991-12-31"
  },
  {
    "date": "1991-09-30",
    "symbol": "LLY",
    "eps": 0.26,
    "epsEstimated": null,
    "time": "bmo",
    "revenue": 1341300000,
    "revenueEstimated": null,
    "updatedFromDate": "2025-08-25",
    "fiscalDateEnding": "1991-09-30"
  },
  {
    "date": "1991-06-30",
    "symbol": "LLY",
    "eps": 0.27,
    "epsEstimated": null,
    "time": "bmo",
    "revenue": 1376300000,
    "revenueEstimated": null,
    "updatedFromDate": "2025-08-25",
    "fiscalDateEnding": "1991-06-30"
  },
  {
    "date": "1991-03-31",
    "symbol": "LLY",
    "eps": 0.34,
    "epsEstimated": null,
    "time": "bmo",
    "revenue": 1435500000,
    "revenueEstimated": null,
    "updatedFromDate": "2025-08-25",
    "fiscalDateEnding": "1991-03-31"
  },
  {
    "date": "1990-12-31",
    "symbol": "LLY",
    "eps": 0.2252,
    "epsEstimated": null,
    "time": "bmo",
    "revenue": 1443800000,
    "revenueEstimated": null,
    "updatedFromDate": "2025-08-25",
    "fiscalDateEnding": "1990-12-31"
  },
  {
    "date": "1990-09-30",
    "symbol": "LLY",
    "eps": 0.23,
    "epsEstimated": null,
    "time": "bmo",
    "revenue": 1281800000,
    "revenueEstimated": null,
    "updatedFromDate": "2025-08-25",
    "fiscalDateEnding": "1990-09-30"
  },
  {
    "date": "1990-06-30",
    "symbol": "LLY",
    "eps": 0.24,
    "epsEstimated": null,
    "time": "bmo",
    "revenue": 1225400000,
    "revenueEstimated": null,
    "updatedFromDate": "2025-08-25",
    "fiscalDateEnding": "1990-06-30"
  },
  {
    "date": "1990-03-31",
    "symbol": "LLY",
    "eps": 0.29,
    "epsEstimated": null,
    "time": "bmo",
    "revenue": 1240600000,
    "revenueEstimated": null,
    "updatedFromDate": "2025-08-25",
    "fiscalDateEnding": "1990-03-31"
  },
  {
    "date": "1989-12-31",
    "symbol": "LLY",
    "eps": 0.1966,
    "epsEstimated": null,
    "time": "bmo",
    "revenue": 784000000,
    "revenueEstimated": null,
    "updatedFromDate": "2025-08-25",
    "fiscalDateEnding": "1989-12-31"
  },
  {
    "date": "1989-09-30",
    "symbol": "LLY",
    "eps": 0.19,
    "epsEstimated": null,
    "time": "bmo",
    "revenue": 1045100000,
    "revenueEstimated": null,
    "updatedFromDate": "2025-08-25",
    "fiscalDateEnding": "1989-09-30"
  },
  {
    "date": "1989-06-29",
    "symbol": "LLY",
    "eps": 0.19,
    "epsEstimated": null,
    "time": "bmo",
    "revenue": 1121500000,
    "revenueEstimated": null,
    "updatedFromDate": "2025-08-25",
    "fiscalDateEnding": "1989-06-30"
  },
  {
    "date": "1989-03-30",
    "symbol": "LLY",
    "eps": 0.2584,
    "epsEstimated": null,
    "time": "bmo",
    "revenue": 1225000000,
    "revenueEstimated": null,
    "updatedFromDate": "2025-08-25",
    "fiscalDateEnding": "1989-03-31"
  },
  {
    "date": "1988-12-30",
    "symbol": "LLY",
    "eps": 0.1572,
    "epsEstimated": null,
    "time": "bmo",
    "revenue": 1042300000,
    "revenueEstimated": null,
    "updatedFromDate": "2025-08-25",
    "fiscalDateEnding": "1988-12-31"
  },
  {
    "date": "1988-09-29",
    "symbol": "LLY",
    "eps": 0.156,
    "epsEstimated": null,
    "time": "bmo",
    "revenue": 940600000,
    "revenueEstimated": null,
    "updatedFromDate": "2025-08-25",
    "fiscalDateEnding": "1988-09-30"
  },
  {
    "date": "1988-06-29",
    "symbol": "LLY",
    "eps": 0.1636,
    "epsEstimated": null,
    "time": "bmo",
    "revenue": 1014700000,
    "revenueEstimated": null,
    "updatedFromDate": "2025-08-25",
    "fiscalDateEnding": "1988-06-30"
  },
  {
    "date": "1988-03-30",
    "symbol": "LLY",
    "eps": 0.2092,
    "epsEstimated": null,
    "time": "bmo",
    "revenue": 1072100000,
    "revenueEstimated": null,
    "updatedFromDate": "2025-08-25",
    "fiscalDateEnding": "1988-03-31"
  },
  {
    "date": "1987-12-30",
    "symbol": "LLY",
    "eps": -0.08391,
    "epsEstimated": null,
    "time": "bmo",
    "revenue": 609500000,
    "revenueEstimated": null,
    "updatedFromDate": "2025-08-25",
    "fiscalDateEnding": "1987-12-31"
  },
  {
    "date": "1987-09-29",
    "symbol": "LLY",
    "eps": 0.1345,
    "epsEstimated": null,
    "time": "bmo",
    "revenue": 957700000,
    "revenueEstimated": null,
    "updatedFromDate": "2025-08-25",
    "fiscalDateEnding": "1987-09-30"
  },
  {
    "date": "1987-06-29",
    "symbol": "LLY",
    "eps": 0.1351,
    "epsEstimated": null,
    "time": "bmo",
    "revenue": 1017600000,
    "revenueEstimated": null,
    "updatedFromDate": "2025-08-25",
    "fiscalDateEnding": "1987-06-30"
  },
  {
    "date": "1987-03-30",
    "symbol": "LLY",
    "eps": 0.1845,
    "epsEstimated": null,
    "time": "bmo",
    "revenue": 1059000000,
    "revenueEstimated": null,
    "updatedFromDate": "2025-08-25",
    "fiscalDateEnding": "1987-03-31"
  },
  {
    "date": "1986-12-30",
    "symbol": "LLY",
    "eps": 0.1136,
    "epsEstimated": null,
    "time": "bmo",
    "revenue": 969400000,
    "revenueEstimated": null,
    "updatedFromDate": "2025-08-25",
    "fiscalDateEnding": "1986-12-31"
  },
  {
    "date": "1986-09-29",
    "symbol": "LLY",
    "eps": 0.1215,
    "epsEstimated": null,
    "time": "bmo",
    "revenue": 883400000,
    "revenueEstimated": null,
    "updatedFromDate": "2025-08-25",
    "fiscalDateEnding": "1986-09-30"
  },
  {
    "date": "1986-06-29",
    "symbol": "LLY",
    "eps": 0.1126,
    "epsEstimated": null,
    "time": "bmo",
    "revenue": 879300000,
    "revenueEstimated": null,
    "updatedFromDate": "2025-08-25",
    "fiscalDateEnding": "1986-06-30"
  },
  {
    "date": "1986-03-30",
    "symbol": "LLY",
    "eps": 0.1547,
    "epsEstimated": null,
    "time": "bmo",
    "revenue": 988300000,
    "revenueEstimated": null,
    "updatedFromDate": "2025-08-25",
    "fiscalDateEnding": "1986-03-31"
  },
  {
    "date": "1985-12-30",
    "symbol": "LLY",
    "eps": 0.1123,
    "epsEstimated": null,
    "time": "bmo",
    "revenue": 817000000,
    "revenueEstimated": null,
    "updatedFromDate": "2025-08-25",
    "fiscalDateEnding": "1985-12-31"
  },
  {
    "date": "1985-09-29",
    "symbol": "LLY",
    "eps": 0.1092,
    "epsEstimated": null,
    "time": "bmo",
    "revenue": 787900000,
    "revenueEstimated": null,
    "updatedFromDate": "2025-08-25",
    "fiscalDateEnding": "1985-09-30"
  }
]