[
  {
    "date": "2026-04-26",
    "symbol": "AAPL",
    "eps": null,
    "epsEstimated": null,
    "time": "amc",
    "revenue": null,
    "revenueEstimated": null,
    "updatedFromDate": "2025-07-09",
    "fiscalDateEnding": "2026-03-29"
  },
  {
    "date": "2026-01-29",
    "symbol": "AAPL",
    "eps": null,
    "epsEstimated": 2.65,
    "time": "amc",
    "revenue": null,
    "revenueEstimated": 138521919670,
    "updatedFromDate": "2026-01-28",
    "fiscalDateEnding": "2025-12-27"
  },
  {
    "date": "2025-10-30",
    "symbol": "AAPL",
    "eps": 1.85,
    "epsEstimated": 1.78,
    "time": "amc",
    "revenue": 102466000000,
    "revenueEstimated": 102227074560,
    "updatedFromDate": "2026-01-28",
    "fiscalDateEnding": "2025-09-27"
  },
  {
    "date": "2025-07-31",
    "symbol": "AAPL",
    "eps": 1.57,
    "epsEstimated": 1.44,
    "time": "amc",
    "revenue": 94036000000,
    "revenueEstimated": 89562736363,
    "updatedFromDate": "2025-10-31",
    "fiscalDateEnding": "2025-06-28"
  },
  {
    "date": "2025-05-01",
    "symbol": "AAPL",
    "eps": 1.65,
    "epsEstimated": 1.63,
    "time": "amc",
    "revenue": 95359000000,
    "revenueEstimated": 94542181546,
    "updatedFromDate": "2025-10-28",
    "fiscalDateEnding": "2025-03-29"
  },
  {
    "date": "2025-01-30",
    "symbol": "AAPL",
    "eps": 2.4,
    "epsEstimated": 2.36,
    "time": "amc",
    "revenue": 124300000000,
    "revenueEstimated": 124257393152,
    "updatedFromDate": "2025-10-28",
    "fiscalDateEnding": "2024-12-28"
  },
  {
    "date": "2024-10-31",
    "symbol": "AAPL",
    "eps": 1.64,
    "epsEstimated": 1.6,
    "time": "amc",
    "revenue": 94930000000,
    "revenueEstimated": 94511953345,
    "updatedFromDate": "2025-10-28",
    "fiscalDateEnding": "2024-09-28"
  },
  {
    "date": "2024-08-01",
    "symbol": "AAPL",
    "eps": 1.4,
    "epsEstimated": 1.35,
    "time": "amc",
    "revenue": 85777000000,
    "revenueEstimated": 84432539529,
    "updatedFromDate": "2025-10-28",
    "fiscalDateEnding": "2024-06-29"
  },
  {
    "date": "2024-05-02",
    "symbol": "AAPL",
    "eps": 1.53,
    "epsEstimated": 1.5,
    "time": "amc",
    "revenue": 90753000000,
    "revenueEstimated": 90366105851,
    "updatedFromDate": "2025-10-28",
    "fiscalDateEnding": "2024-03-30"
  },
  {
    "date": "2024-02-01",
    "symbol": "AAPL",
    "eps": 2.18,
    "epsEstimated": 2.1,
    "time": "amc",
    "revenue": 119575000000,
    "revenueEstimated": 117986596460,
    "updatedFromDate": "2025-10-28",
    "fiscalDateEnding": "2023-12-30"
  },
  {
    "date": "2023-11-02",
    "symbol": "AAPL",
    "eps": 1.46,
    "epsEstimated": 1.39,
    "time": "amc",
    "revenue": 89498000000,
    "revenueEstimated": 84175800000,
    "updatedFromDate": "2025-10-28",
    "fiscalDateEnding": "2023-09-30"
  },
  {
    "date": "2023-08-03",
    "symbol": "AAPL",
    "eps": 1.26,
    "epsEstimated": 1.19,
    "time": "amc",
    "revenue": 81797000000,
    "revenueEstimated": 81685700000,
    "updatedFromDate": "2025-10-28",
    "fiscalDateEnding": "2023-07-01"
  },
  {
    "date": "2023-05-04",
    "symbol": "AAPL",
    "eps": 1.52,
    "epsEstimated": 1.43,
    "time": "amc",
    "revenue": 94836000000,
    "revenueEstimated": 92960200000,
    "updatedFromDate": "2025-10-28",
    "fiscalDateEnding": "2023-04-01"
  },
  {
    "date": "2023-02-02",
    "symbol": "AAPL",
    "eps": 1.88,
    "epsEstimated": 1.94,
    "time": "amc",
    "revenue": 117154000000,
    "revenueEstimated": 121333299852,
    "updatedFromDate": "2025-10-28",
    "fiscalDateEnding": "2022-12-31"
  },
  {
    "date": "2022-10-27",
    "symbol": "AAPL",
    "eps": 1.29,
    "epsEstimated": 1.27,
    "time": "amc",
    "revenue": 90146000000,
    "revenueEstimated": 88739279089,
    "updatedFromDate": "2025-10-28",
    "fiscalDateEnding": "2022-09-24"
  },
  {
    "date": "2022-07-28",
    "symbol": "AAPL",
    "eps": 1.2,
    "epsEstimated": 1.16,
    "time": "amc",
    "revenue": 82959000000,
    "revenueEstimated": 82791243730,
    "updatedFromDate": "2025-10-28",
    "fiscalDateEnding": "2022-06-25"
  },
  {
    "date": "2022-04-28",
    "symbol": "AAPL",
    "eps": 1.52,
    "epsEstimated": 1.43,
    "time": "amc",
    "revenue": 97278000000,
    "revenueEstimated": 94033796672,
    "updatedFromDate": "2025-10-28",
    "fiscalDateEnding": "2022-03-26"
  },
  {
    "date": "2022-01-27",
    "symbol": "AAPL",
    "eps": 2.1,
    "epsEstimated": 1.89,
    "time": "amc",
    "revenue": 123945000000,
    "revenueEstimated": 119002502550,
    "updatedFromDate": "2025-10-28",
    "fiscalDateEnding": "2021-12-25"
  },
  {
    "date": "2021-10-28",
    "symbol": "AAPL",
    "eps": 1.24,
    "epsEstimated": 1.24,
    "time": "amc",
    "revenue": 83360000000,
    "revenueEstimated": 117986000000,
    "updatedFromDate": "2025-10-28",
    "fiscalDateEnding": "2021-09-25"
  },
  {
    "date": "2021-07-27",
    "symbol": "AAPL",
    "eps": 1.3,
    "epsEstimated": 1.01,
    "time": "amc",
    "revenue": 81434000000,
    "revenueEstimated": 84581900000,
    "updatedFromDate": "2025-10-28",
    "fiscalDateEnding": "2021-06-26"
  },
  {
    "date": "2021-04-28",
    "symbol": "AAPL",
    "eps": 1.4,
    "epsEstimated": 0.99,
    "time": "amc",
    "revenue": 89584000000,
    "revenueEstimated": 76920700000,
    "updatedFromDate": "2025-10-28",
    "fiscalDateEnding": "2021-03-27"
  },
  {
    "date": "2021-01-27",
    "symbol": "AAPL",
    "eps": 1.68,
    "epsEstimated": 1.41,
    "time": "amc",
    "revenue": 111439000000,
    "revenueEstimated": 90099617021,
    "updatedFromDate": "2025-10-28",
    "fiscalDateEnding": "2020-12-26"
  },
  {
    "date": "2020-10-29",
    "symbol": "AAPL",
    "eps": 0.73,
    "epsEstimated": 0.7,
    "time": "amc",
    "revenue": 64698000000,
    "revenueEstimated": 62039178082,
    "updatedFromDate": "2025-10-28",
    "fiscalDateEnding": "2020-09-26"
  },
  {
    "date": "2020-07-30",
    "symbol": "AAPL",
    "eps": 0.65,
    "epsEstimated": 0.51,
    "time": "amc",
    "revenue": 59685000000,
    "revenueEstimated": 46829769230,
    "updatedFromDate": "2025-10-28",
    "fiscalDateEnding": "2020-06-27"
  },
  {
    "date": "2020-04-30",
    "symbol": "AAPL",
    "eps": 0.64,
    "epsEstimated": 0.57,
    "time": "amc",
    "revenue": 58313000000,
    "revenueEstimated": 51023875000,
    "updatedFromDate": "2025-10-28",
    "fiscalDateEnding": "2020-03-28"
  },
  {
    "date": "2020-01-28",
    "symbol": "AAPL",
    "eps": 1.25,
    "epsEstimated": 1.14,
    "time": "amc",
    "revenue": 91819000000,
    "revenueEstimated": 83738928000,
    "updatedFromDate": "2025-10-28",
    "fiscalDateEnding": "2019-12-28"
  },
  {
    "date": "2019-10-30",
    "symbol": "AAPL",
    "eps": 0.76,
    "epsEstimated": 0.71,
    "time": "amc",
    "revenue": 64040000000,
    "revenueEstimated": 59826842105,
    "updatedFromDate": "2025-10-28",
    "fiscalDateEnding": "2019-09-28"
  },
  {
    "date": "2019-07-30",
    "symbol": "AAPL",
    "eps": 0.55,
    "epsEstimated": 0.52,
    "time": "amc",
    "revenue": 53809000000,
    "revenueEstimated": 51852309090,
    "updatedFromDate": "2025-10-28",
    "fiscalDateEnding": "2019-06-29"
  },
  {
    "date": "2019-04-30",
    "symbol": "AAPL",
    "eps": 0.62,
    "epsEstimated": 0.59,
    "time": "amc",
    "revenue": 58015000000,
    "revenueEstimated": 55207822580,
    "updatedFromDate": "2025-10-28",
    "fiscalDateEnding": "2019-03-30"
  },
  {
    "date": "2019-01-29",
    "symbol": "AAPL",
    "eps": 1.05,
    "epsEstimated": 1.04,
    "time": "amc",
    "revenue": 84310000000,
    "revenueEstimated": 83507047619,
    "updatedFromDate": "2025-10-28",
    "fiscalDateEnding": "2018-12-29"
  },
  {
    "date": "2018-11-01",
    "symbol": "AAPL",
    "eps": 0.73,
    "epsEstimated": 0.7,
    "time": "amc",
    "revenue": 64040000000,
    "revenueEstimated": 60315068493,
    "updatedFromDate": "2025-10-28",
    "fiscalDateEnding": "2018-09-29"
  },
  {
    "date": "2018-07-31",
    "symbol": "AAPL",
    "eps": 0.59,
    "epsEstimated": 0.55,
    "time": "amc",
    "revenue": 53265000000,
    "revenueEstimated": 49622948717,
    "updatedFromDate": "2025-10-28",
    "fiscalDateEnding": "2018-06-30"
  },
  {
    "date": "2018-05-01",
    "symbol": "AAPL",
    "eps": 0.68,
    "epsEstimated": 0.67,
    "time": "amc",
    "revenue": 61137000000,
    "revenueEstimated": 59793329670,
    "updatedFromDate": "2025-10-28",
    "fiscalDateEnding": "2018-03-31"
  },
  {
    "date": "2018-02-01",
    "symbol": "AAPL",
    "eps": 0.97,
    "epsEstimated": 0.96,
    "time": "amc",
    "revenue": 88293000000,
    "revenueEstimated": 87612077120,
    "updatedFromDate": "2025-10-28",
    "fiscalDateEnding": "2017-12-30"
  },
  {
    "date": "2017-11-02",
    "symbol": "AAPL",
    "eps": 0.52,
    "epsEstimated": 0.47,
    "time": "amc",
    "revenue": 52579000000,
    "revenueEstimated": 47498903381,
    "updatedFromDate": "2025-10-28",
    "fiscalDateEnding": "2017-09-30"
  },
  {
    "date": "2017-08-01",
    "symbol": "AAPL",
    "eps": 0.42,
    "epsEstimated": 0.39,
    "time": "amc",
    "revenue": 45408000000,
    "revenueEstimated": 42688958083,
    "updatedFromDate": "2025-10-28",
    "fiscalDateEnding": "2017-07-01"
  },
  {
    "date": "2017-05-02",
    "symbol": "AAPL",
    "eps": 0.53,
    "epsEstimated": 0.5,
    "time": "amc",
    "revenue": 52896000000,
    "revenueEstimated": 50880914285,
    "updatedFromDate": "2025-10-28",
    "fiscalDateEnding": "2017-04-01"
  },
  {
    "date": "2017-01-31",
    "symbol": "AAPL",
    "eps": 0.84,
    "epsEstimated": 0.8,
    "time": "amc",
    "revenue": 78351000000,
    "revenueEstimated": 74853187500,
    "updatedFromDate": "2025-10-28",
    "fiscalDateEnding": "2016-12-31"
  },
  {
    "date": "2016-10-25",
    "symbol": "AAPL",
    "eps": 0.42,
    "epsEstimated": 0.41,
    "time": "amc",
    "revenue": 46852000000,
    "revenueEstimated": 46571449101,
    "updatedFromDate": "2025-10-28",
    "fiscalDateEnding": "2016-09-24"
  },
  {
    "date": "2016-07-26",
    "symbol": "AAPL",
    "eps": 0.36,
    "epsEstimated": 0.35,
    "time": "amc",
    "revenue": 42358000000,
    "revenueEstimated": 41164816901,
    "updatedFromDate": "2025-10-28",
    "fiscalDateEnding": "2016-06-25"
  },
  {
    "date": "2016-04-26",
    "symbol": "AAPL",
    "eps": 0.48,
    "epsEstimated": 0.5,
    "time": "amc",
    "revenue": 50557000000,
    "revenueEstimated": 53217894736,
    "updatedFromDate": "2025-10-28",
    "fiscalDateEnding": "2016-03-26"
  },
  {
    "date": "2016-01-26",
    "symbol": "AAPL",
    "eps": 0.82,
    "epsEstimated": 0.81,
    "time": "amc",
    "revenue": 75872000000,
    "revenueEstimated": 74715414634,
    "updatedFromDate": "2025-10-28",
    "fiscalDateEnding": "2015-12-26"
  },
  {
    "date": "2015-10-27",
    "symbol": "AAPL",
    "eps": 0.49,
    "epsEstimated": 0.47,
    "time": "amc",
    "revenue": 51501000000,
    "revenueEstimated": 49398918367,
    "updatedFromDate": "2025-10-28",
    "fiscalDateEnding": "2015-09-26"
  },
  {
    "date": "2015-07-21",
    "symbol": "AAPL",
    "eps": 0.46,
    "epsEstimated": 0.45,
    "time": "amc",
    "revenue": 49605000000,
    "revenueEstimated": 48532459459,
    "updatedFromDate": "2025-10-28",
    "fiscalDateEnding": "2015-06-27"
  },
  {
    "date": "2015-04-27",
    "symbol": "AAPL",
    "eps": 0.58,
    "epsEstimated": 0.54,
    "time": "amc",
    "revenue": 58010000000,
    "revenueEstimated": 53777510729,
    "updatedFromDate": "2025-10-28",
    "fiscalDateEnding": "2015-03-28"
  },
  {
    "date": "2015-01-27",
    "symbol": "AAPL",
    "eps": 0.77,
    "epsEstimated": 0.65,
    "time": "amc",
    "revenue": 74599000000,
    "revenueEstimated": 63384771241,
    "updatedFromDate": "2025-10-28",
    "fiscalDateEnding": "2014-12-27"
  },
  {
    "date": "2014-10-20",
    "symbol": "AAPL",
    "eps": 0.36,
    "epsEstimated": 0.33,
    "time": "amc",
    "revenue": 42123000000,
    "revenueEstimated": 38859950704,
    "updatedFromDate": "2025-10-28",
    "fiscalDateEnding": "2014-09-27"
  },
  {
    "date": "2014-07-22",
    "symbol": "AAPL",
    "eps": 0.32,
    "epsEstimated": 0.31,
    "time": "amc",
    "revenue": 37432000000,
    "revenueEstimated": 35969812500,
    "updatedFromDate": "2025-10-28",
    "fiscalDateEnding": "2014-06-28"
  },
  {
    "date": "2014-04-23",
    "symbol": "AAPL",
    "eps": 0.42,
    "epsEstimated": 0.36,
    "time": "amc",
    "revenue": 45646000000,
    "revenueEstimated": 40146481927,
    "updatedFromDate": "2025-10-28",
    "fiscalDateEnding": "2014-03-29"
  },
  {
    "date": "2014-01-27",
    "symbol": "AAPL",
    "eps": 0.52,
    "epsEstimated": 0.5,
    "time": "amc",
    "revenue": 57594000000,
    "revenueEstimated": 55924608695,
    "updatedFromDate": "2025-10-28",
    "fiscalDateEnding": "2013-12-28"
  },
  {
    "date": "2013-10-28",
    "symbol": "AAPL",
    "eps": 0.3,
    "epsEstimated": 0.28,
    "time": "amc",
    "revenue": 37472000000,
    "revenueEstimated": 36201762711,
    "updatedFromDate": "2025-10-28",
    "fiscalDateEnding": "2013-09-28"
  },
  {
    "date": "2013-07-23",
    "symbol": "AAPL",
    "eps": 0.27,
    "epsEstimated": 0.26,
    "time": "amc",
    "revenue": 35323000000,
    "revenueEstimated": 34662757009,
    "updatedFromDate": "2025-10-28",
    "fiscalDateEnding": "2013-06-29"
  },
  {
    "date": "2013-04-23",
    "symbol": "AAPL",
    "eps": 0.36,
    "epsEstimated": 0.36,
    "time": "amc",
    "revenue": 43603000000,
    "revenueEstimated": 43300201388,
    "updatedFromDate": "2025-10-28",
    "fiscalDateEnding": "2013-03-30"
  },
  {
    "date": "2013-01-23",
    "symbol": "AAPL",
    "eps": 0.49,
    "epsEstimated": 0.48,
    "time": "amc",
    "revenue": 54512000000,
    "revenueEstimated": 53128446700,
    "updatedFromDate": "2025-10-28",
    "fiscalDateEnding": "2012-12-29"
  },
  {
    "date": "2012-10-25",
    "symbol": "AAPL",
    "eps": 0.31,
    "epsEstimated": 0.31,
    "time": "amc",
    "revenue": 37472000000,
    "revenueEstimated": 36256048387,
    "updatedFromDate": "2025-10-28",
    "fiscalDateEnding": "2012-09-29"
  },
  {
    "date": "2012-07-24",
    "symbol": "AAPL",
    "eps": 0.33,
    "epsEstimated": 0.37,
    "time": "amc",
    "revenue": 35023000000,
    "revenueEstimated": 38972962406,
    "updatedFromDate": "2025-10-28",
    "fiscalDateEnding": "2012-06-30"
  },
  {
    "date": "2012-04-24",
    "symbol": "AAPL",
    "eps": 0.44,
    "epsEstimated": 0.36,
    "time": "amc",
    "revenue": 39186000000,
    "revenueEstimated": 31838625000,
    "updatedFromDate": "2025-10-28",
    "fiscalDateEnding": "2012-03-31"
  },
  {
    "date": "2012-01-24",
    "symbol": "AAPL",
    "eps": 0.5,
    "epsEstimated": 0.36,
    "time": "amc",
    "revenue": 46333000000,
    "revenueEstimated": 33930732323,
    "updatedFromDate": "2025-10-28",
    "fiscalDateEnding": "2011-12-31"
  },
  {
    "date": "2011-10-18",
    "symbol": "AAPL",
    "eps": 0.25,
    "epsEstimated": 0.26,
    "time": "amc",
    "revenue": 28270000000,
    "revenueEstimated": 29669504950,
    "updatedFromDate": "2025-10-28",
    "fiscalDateEnding": "2011-09-24"
  },
  {
    "date": "2011-07-19",
    "symbol": "AAPL",
    "eps": 0.28,
    "epsEstimated": 0.21,
    "time": "amc",
    "revenue": 28571000000,
    "revenueEstimated": 21363900900,
    "updatedFromDate": "2025-10-28",
    "fiscalDateEnding": "2011-06-25"
  },
  {
    "date": "2011-04-20",
    "symbol": "AAPL",
    "eps": 0.23,
    "epsEstimated": 0.19,
    "time": "amc",
    "revenue": 24667000000,
    "revenueEstimated": 20872076923,
    "updatedFromDate": "2025-10-28",
    "fiscalDateEnding": "2011-03-26"
  },
  {
    "date": "2011-01-18",
    "symbol": "AAPL",
    "eps": 0.23,
    "epsEstimated": 0.19,
    "time": "amc",
    "revenue": 26741000000,
    "revenueEstimated": 22381054347,
    "updatedFromDate": "2025-10-28",
    "fiscalDateEnding": "2010-12-25"
  },
  {
    "date": "2010-10-18",
    "symbol": "AAPL",
    "eps": 0.17,
    "epsEstimated": 0.15,
    "time": "amc",
    "revenue": 20343000000,
    "revenueEstimated": 17877181818,
    "updatedFromDate": "2025-10-28",
    "fiscalDateEnding": "2010-09-25"
  },
  {
    "date": "2010-07-20",
    "symbol": "AAPL",
    "eps": 0.13,
    "epsEstimated": 0.11,
    "time": "amc",
    "revenue": 15700000000,
    "revenueEstimated": 13816000000,
    "updatedFromDate": "2025-10-28",
    "fiscalDateEnding": "2010-06-26"
  },
  {
    "date": "2010-04-20",
    "symbol": "AAPL",
    "eps": 0.12,
    "epsEstimated": 0.09,
    "time": "amc",
    "revenue": 13499000000,
    "revenueEstimated": 9843020833,
    "updatedFromDate": "2025-10-28",
    "fiscalDateEnding": "2010-03-27"
  },
  {
    "date": "2010-01-25",
    "symbol": "AAPL",
    "eps": 0.13,
    "epsEstimated": 0.07,
    "time": "amc",
    "revenue": 15683000000,
    "revenueEstimated": 15526169997,
    "updatedFromDate": "2025-10-28",
    "fiscalDateEnding": "2009-12-26"
  },
  {
    "date": "2009-10-19",
    "symbol": "AAPL",
    "eps": 0.11,
    "epsEstimated": 0.05,
    "time": "amc",
    "revenue": 9870000000,
    "revenueEstimated": 9390000000,
    "updatedFromDate": "2025-10-28",
    "fiscalDateEnding": "2009-09-26"
  },
  {
    "date": "2009-07-21",
    "symbol": "AAPL",
    "eps": 0.05,
    "epsEstimated": 0.04347,
    "time": "amc",
    "revenue": 9734000000,
    "revenueEstimated": 8709368421,
    "updatedFromDate": "2025-10-28",
    "fiscalDateEnding": "2009-06-27"
  },
  {
    "date": "2009-04-22",
    "symbol": "AAPL",
    "eps": 0.05,
    "epsEstimated": 0.04097,
    "time": "amc",
    "revenue": 9084000000,
    "revenueEstimated": 7649684210,
    "updatedFromDate": "2025-10-28",
    "fiscalDateEnding": "2009-03-28"
  },
  {
    "date": "2009-01-21",
    "symbol": "AAPL",
    "eps": 0.06,
    "epsEstimated": 0.05,
    "time": "amc",
    "revenue": 11880000000,
    "revenueEstimated": 9504000000,
    "updatedFromDate": "2025-10-28",
    "fiscalDateEnding": "2008-12-27"
  },
  {
    "date": "2008-10-21",
    "symbol": "AAPL",
    "eps": 0.05,
    "epsEstimated": 0.04413,
    "time": "amc",
    "revenue": 7895000000,
    "revenueEstimated": 10240000000,
    "updatedFromDate": "2025-10-28",
    "fiscalDateEnding": "2008-09-27"
  },
  {
    "date": "2008-07-21",
    "symbol": "AAPL",
    "eps": 0.04,
    "epsEstimated": 0.03624,
    "time": "amc",
    "revenue": 7464000000,
    "revenueEstimated": 6671470588,
    "updatedFromDate": "2025-10-28",
    "fiscalDateEnding": "2008-06-28"
  },
  {
    "date": "2008-04-23",
    "symbol": "AAPL",
    "eps": 0.04,
    "epsEstimated": 0.037,
    "time": "amc",
    "revenue": 7512000000,
    "revenueEstimated": 7041176470,
    "updatedFromDate": "2025-10-28",
    "fiscalDateEnding": "2008-03-29"
  },
  {
    "date": "2008-01-22",
    "symbol": "AAPL",
    "eps": 0.06,
    "epsEstimated": 0.06,
    "time": "amc",
    "revenue": 9608000000,
    "revenueEstimated": 9595600000,
    "updatedFromDate": "2025-10-28",
    "fiscalDateEnding": "2007-12-29"
  },
  {
    "date": "2007-10-22",
    "symbol": "AAPL",
    "eps": 0.04,
    "epsEstimated": 0.03393,
    "time": "amc",
    "revenue": 6217000000,
    "revenueEstimated": 5662285714,
    "updatedFromDate": "2025-10-28",
    "fiscalDateEnding": "2007-09-29"
  },
  {
    "date": "2007-07-25",
    "symbol": "AAPL",
    "eps": 0.03,
    "epsEstimated": 0.02361,
    "time": "amc",
    "revenue": 5410000000,
    "revenueEstimated": 4161538461,
    "updatedFromDate": "2025-10-28",
    "fiscalDateEnding": "2007-06-30"
  },
  {
    "date": "2007-04-25",
    "symbol": "AAPL",
    "eps": 0.03,
    "epsEstimated": 0.02207,
    "time": "amc",
    "revenue": 5264000000,
    "revenueEstimated": 3948000000,
    "updatedFromDate": "2025-10-28",
    "fiscalDateEnding": "2007-03-31"
  },
  {
    "date": "2007-01-17",
    "symbol": "AAPL",
    "eps": 0.04,
    "epsEstimated": 0.02752,
    "time": "amc",
    "revenue": 7115000000,
    "revenueEstimated": 4897062500,
    "updatedFromDate": "2025-10-28",
    "fiscalDateEnding": "2006-12-30"
  },
  {
    "date": "2006-12-29",
    "symbol": "AAPL",
    "eps": 0.01924,
    "epsEstimated": null,
    "time": "amc",
    "revenue": 4370000000,
    "revenueEstimated": null,
    "updatedFromDate": "2025-10-28",
    "fiscalDateEnding": "2006-07-01"
  },
  {
    "date": "2006-04-19",
    "symbol": "AAPL",
    "eps": 0.02,
    "epsEstimated": 0.01848,
    "time": "amc",
    "revenue": 4359000000,
    "revenueEstimated": 3736285714,
    "updatedFromDate": "2025-10-28",
    "fiscalDateEnding": "2006-04-01"
  },
  {
    "date": "2006-01-18",
    "symbol": "AAPL",
    "eps": 0.02,
    "epsEstimated": 0.01868,
    "time": "amc",
    "revenue": 5749000000,
    "revenueEstimated": 5749000000,
    "updatedFromDate": "2025-10-28",
    "fiscalDateEnding": "2005-12-31"
  },
  {
    "date": "2005-11-30",
    "symbol": "AAPL",
    "eps": 0.0177,
    "epsEstimated": null,
    "time": "amc",
    "revenue": 3678000000,
    "revenueEstimated": null,
    "updatedFromDate": "2025-10-28",
    "fiscalDateEnding": "2005-09-24"
  },
  {
    "date": "2005-07-13",
    "symbol": "AAPL",
    "eps": 0.01324,
    "epsEstimated": 0.01122,
    "time": "amc",
    "revenue": 3520000000,
    "revenueEstimated": 2816000000,
    "updatedFromDate": "2025-10-28",
    "fiscalDateEnding": "2005-06-25"
  },
  {
    "date": "2005-04-13",
    "symbol": "AAPL",
    "eps": 0.01209,
    "epsEstimated": 0.00865,
    "time": "amc",
    "revenue": 3243000000,
    "revenueEstimated": 2675474997,
    "updatedFromDate": "2025-10-28",
    "fiscalDateEnding": "2005-03-26"
  },
  {
    "date": "2005-01-12",
    "symbol": "AAPL",
    "eps": 0.01257,
    "epsEstimated": 0.00874,
    "time": "amc",
    "revenue": 3490000000,
    "revenueEstimated": 2879249998,
    "updatedFromDate": "2025-10-28",
    "fiscalDateEnding": "2004-12-25"
  },
  {
    "date": "2004-12-02",
    "symbol": "AAPL",
    "eps": 0.00466,
    "epsEstimated": null,
    "time": "amc",
    "revenue": 2350000000,
    "revenueEstimated": null,
    "updatedFromDate": "2025-10-28",
    "fiscalDateEnding": "2004-09-25"
  },
  {
    "date": "2004-07-14",
    "symbol": "AAPL",
    "eps": 0.00277,
    "epsEstimated": 0.00241,
    "time": "amc",
    "revenue": 2014000000,
    "revenueEstimated": 2014000000,
    "updatedFromDate": "2025-10-28",
    "fiscalDateEnding": "2004-06-26"
  },
  {
    "date": "2004-04-14",
    "symbol": "AAPL",
    "eps": 0.00217,
    "epsEstimated": 0.00149,
    "time": "amc",
    "revenue": 1909000000,
    "revenueEstimated": 1909000000,
    "updatedFromDate": "2025-10-28",
    "fiscalDateEnding": "2004-03-27"
  },
  {
    "date": "2004-01-14",
    "symbol": "AAPL",
    "eps": 0.00302,
    "epsEstimated": 0.00276,
    "time": "amc",
    "revenue": 2006000000,
    "revenueEstimated": 2006000000,
    "updatedFromDate": "2025-10-28",
    "fiscalDateEnding": "2003-12-27"
  },
  {
    "date": "2003-12-19",
    "symbol": "AAPL",
    "eps": 0.00214,
    "epsEstimated": null,
    "time": "amc",
    "revenue": 1715000000,
    "revenueEstimated": null,
    "updatedFromDate": "2025-10-28",
    "fiscalDateEnding": "2003-09-27"
  },
  {
    "date": "2003-10-15",
    "symbol": "AAPL",
    "eps": 0.00093,
    "epsEstimated": null,
    "time": "amc",
    "revenue": 1545000000,
    "revenueEstimated": null,
    "updatedFromDate": "2025-10-28",
    "fiscalDateEnding": "2003-06-28"
  },
  {
    "date": "2003-04-16",
    "symbol": "AAPL",
    "eps": 0.00069,
    "epsEstimated": null,
    "time": "amc",
    "revenue": 1475000000,
    "revenueEstimated": null,
    "updatedFromDate": "2025-10-28",
    "fiscalDateEnding": "2003-03-29"
  },
  {
    "date": "2003-01-15",
    "symbol": "AAPL",
    "eps": -0.0004,
    "epsEstimated": null,
    "time": "amc",
    "revenue": 1472000000,
    "revenueEstimated": null,
    "updatedFromDate": "2025-10-28",
    "fiscalDateEnding": "2002-12-28"
  },
  {
    "date": "2002-12-19",
    "symbol": "AAPL",
    "eps": -0.00224,
    "epsEstimated": null,
    "time": "amc",
    "revenue": 1443000000,
    "revenueEstimated": null,
    "updatedFromDate": "2025-10-28",
    "fiscalDateEnding": "2002-09-28"
  },
  {
    "date": "2002-07-16",
    "symbol": "AAPL",
    "eps": 0.00156,
    "epsEstimated": 0.00151,
    "time": "amc",
    "revenue": 1429000000,
    "revenueEstimated": 1429000000,
    "updatedFromDate": "2025-10-28",
    "fiscalDateEnding": "2002-06-29"
  },
  {
    "date": "2002-05-14",
    "symbol": "AAPL",
    "eps": 0.00195,
    "epsEstimated": null,
    "time": "amc",
    "revenue": 1495000000,
    "revenueEstimated": null,
    "updatedFromDate": "2025-10-28",
    "fiscalDateEnding": "2002-03-30"
  },
  {
    "date": "2002-01-16",
    "symbol": "AAPL",
    "eps": 0.0019,
    "epsEstimated": 0.00186,
    "time": "amc",
    "revenue": 1375000000,
    "revenueEstimated": 1375000000,
    "updatedFromDate": "2025-10-28",
    "fiscalDateEnding": "2001-12-29"
  },
  {
    "date": "2001-12-21",
    "symbol": "AAPL",
    "eps": 0.00331,
    "epsEstimated": null,
    "time": "amc",
    "revenue": 1450000000,
    "revenueEstimated": null,
    "updatedFromDate": "2025-10-28",
    "fiscalDateEnding": "2001-09-29"
  },
  {
    "date": "2001-08-13",
    "symbol": "AAPL",
    "eps": 0.00303,
    "epsEstimated": null,
    "time": "amc",
    "revenue": 1475000000,
    "revenueEstimated": null,
    "updatedFromDate": "2025-10-28",
    "fiscalDateEnding": "2001-06-30"
  },
  {
    "date": "2001-04-18",
    "symbol": "AAPL",
    "eps": 0.00218,
    "epsEstimated": null,
    "time": "amc",
    "revenue": 1431000000,
    "revenueEstimated": null,
    "updatedFromDate": "2025-10-28",
    "fiscalDateEnding": "2001-03-31"
  },
  {
    "date": "2001-02-12",
    "symbol": "AAPL",
    "eps": -0.01033,
    "epsEstimated": null,
    "time": "amc",
    "revenue": 1007000000,
    "revenueEstimated": null,
    "updatedFromDate": "2025-10-28",
    "fiscalDateEnding": "2000-12-30"
  },
  {
    "date": "2000-12-14",
    "symbol": "AAPL",
    "eps": 0.0084,
    "epsEstimated": null,
    "time": "amc",
    "revenue": 1870000000,
    "revenueEstimated": null,
    "updatedFromDate": "2025-10-28",
    "fiscalDateEnding": "2000-09-30"
  },
  {
    "date": "2000-07-18",
    "symbol": "AAPL",
    "eps": 0.00987,
    "epsEstimated": 0.00958,
    "time": "amc",
    "revenue": 1825000000,
    "revenueEstimated": 1825000000,
    "updatedFromDate": "2025-10-28",
    "fiscalDateEnding": "2000-07-01"
  },
  {
    "date": "2000-04-19",
    "symbol": "AAPL",
    "eps": 0.01143,
    "epsEstimated": 0.01043,
    "time": "amc",
    "revenue": 1945000000,
    "revenueEstimated": 1945000000,
    "updatedFromDate": "2025-10-28",
    "fiscalDateEnding": "2000-04-01"
  },
  {
    "date": "2000-01-19",
    "symbol": "AAPL",
    "eps": 0.00916,
    "epsEstimated": 0.00823,
    "time": "amc",
    "revenue": 2343000000,
    "revenueEstimated": null,
    "updatedFromDate": "2025-10-28",
    "fiscalDateEnding": "2000-01-01"
  },
  {
    "date": "1999-12-22",
    "symbol": "AAPL",
    "eps": 0.00561,
    "epsEstimated": null,
    "time": "amc",
    "revenue": 1336000000,
    "revenueEstimated": null,
    "updatedFromDate": "2025-10-28",
    "fiscalDateEnding": "1999-09-25"
  },
  {
    "date": "1999-07-14",
    "symbol": "AAPL",
    "eps": 0.01038,
    "epsEstimated": 0.00964,
    "time": "amc",
    "revenue": 1558000000,
    "revenueEstimated": 1558000000,
    "updatedFromDate": "2025-10-28",
    "fiscalDateEnding": "1999-06-26"
  },
  {
    "date": "1999-04-14",
    "symbol": "AAPL",
    "eps": 0.00696,
    "epsEstimated": 0.00584,
    "time": "amc",
    "revenue": 1530000000,
    "revenueEstimated": 1530000000,
    "updatedFromDate": "2025-10-28",
    "fiscalDateEnding": "1999-03-27"
  },
  {
    "date": "1999-01-13",
    "symbol": "AAPL",
    "eps": 0.00789,
    "epsEstimated": 0.007,
    "time": "amc",
    "revenue": 1710000000,
    "revenueEstimated": 2500875000,
    "updatedFromDate": "2025-10-28",
    "fiscalDateEnding": "1998-12-26"
  },
  {
    "date": "1998-12-23",
    "symbol": "AAPL",
    "eps": 0.00557,
    "epsEstimated": null,
    "time": "amc",
    "revenue": 1556000000,
    "revenueEstimated": null,
    "updatedFromDate": "2025-10-28",
    "fiscalDateEnding": "1998-09-25"
  },
  {
    "date": "1998-10-14",
    "symbol": "AAPL",
    "eps": 0.00525,
    "epsEstimated": 0.00375,
    "time": "amc",
    "revenue": 1402000000,
    "revenueEstimated": 2450700000,
    "updatedFromDate": "2025-10-28",
    "fiscalDateEnding": "1998-06-26"
  },
  {
    "date": "1998-04-15",
    "symbol": "AAPL",
    "eps": 0.00337,
    "epsEstimated": 0.00131,
    "time": "amc",
    "revenue": 1405000000,
    "revenueEstimated": 1405000000,
    "updatedFromDate": "2025-10-28",
    "fiscalDateEnding": "1998-03-27"
  },
  {
    "date": "1998-01-14",
    "symbol": "AAPL",
    "eps": 0.003,
    "epsEstimated": 0.00245,
    "time": "amc",
    "revenue": 1578000000,
    "revenueEstimated": 1578000000,
    "updatedFromDate": "2025-10-28",
    "fiscalDateEnding": "1997-12-26"
  },
  {
    "date": "1997-12-05",
    "symbol": "AAPL",
    "eps": -0.01127,
    "epsEstimated": null,
    "time": "amc",
    "revenue": 1614000000,
    "revenueEstimated": null,
    "updatedFromDate": "2025-10-28",
    "fiscalDateEnding": "1997-09-26"
  },
  {
    "date": "1997-07-16",
    "symbol": "AAPL",
    "eps": -0.00395,
    "epsEstimated": -0.00312,
    "time": "amc",
    "revenue": 1737000000,
    "revenueEstimated": 1737000000,
    "updatedFromDate": "2025-10-28",
    "fiscalDateEnding": "1997-06-27"
  },
  {
    "date": "1997-04-16",
    "symbol": "AAPL",
    "eps": -0.05033,
    "epsEstimated": -0.04255,
    "time": "amc",
    "revenue": 1601000000,
    "revenueEstimated": 1280800000,
    "updatedFromDate": "2025-10-28",
    "fiscalDateEnding": "1997-03-28"
  },
  {
    "date": "1997-01-15",
    "symbol": "AAPL",
    "eps": -0.01,
    "epsEstimated": -0.00674,
    "time": "amc",
    "revenue": 2129000000,
    "revenueEstimated": 1419333333,
    "updatedFromDate": "2025-10-28",
    "fiscalDateEnding": "1996-12-27"
  },
  {
    "date": "1996-12-19",
    "symbol": "AAPL",
    "eps": 0.00179,
    "epsEstimated": null,
    "time": "amc",
    "revenue": 2321000000,
    "revenueEstimated": null,
    "updatedFromDate": "2025-10-28",
    "fiscalDateEnding": "1996-09-27"
  },
  {
    "date": "1996-10-16",
    "symbol": "AAPL",
    "eps": -0.00231,
    "epsEstimated": -0.00106,
    "time": "amc",
    "revenue": 2179000000,
    "revenueEstimated": 4386689999,
    "updatedFromDate": "2025-10-28",
    "fiscalDateEnding": "1996-06-28"
  },
  {
    "date": "1996-04-17",
    "symbol": "AAPL",
    "eps": -0.02,
    "epsEstimated": -0.01422,
    "time": "amc",
    "revenue": 2185000000,
    "revenueEstimated": 1560714285,
    "updatedFromDate": "2025-10-28",
    "fiscalDateEnding": "1996-03-29"
  },
  {
    "date": "1996-01-17",
    "symbol": "AAPL",
    "eps": -0.00501,
    "epsEstimated": -0.00316,
    "time": "amc",
    "revenue": 3148000000,
    "revenueEstimated": 1574000000,
    "updatedFromDate": "2025-10-28",
    "fiscalDateEnding": "1995-12-29"
  },
  {
    "date": "1995-12-19",
    "symbol": "AAPL",
    "eps": 0.00429,
    "epsEstimated": null,
    "time": "amc",
    "revenue": 3003000000,
    "revenueEstimated": null,
    "updatedFromDate": "2025-10-28",
    "fiscalDateEnding": "1995-09-29"
  },
  {
    "date": "1995-07-20",
    "symbol": "AAPL",
    "eps": 0.00746,
    "epsEstimated": 0.00787,
    "time": "amc",
    "revenue": 2575000000,
    "revenueEstimated": 2575000000,
    "updatedFromDate": "2025-10-28",
    "fiscalDateEnding": "1995-06-30"
  },
  {
    "date": "1995-04-20",
    "symbol": "AAPL",
    "eps": 0.00531,
    "epsEstimated": null,
    "time": "amc",
    "revenue": 2652000000,
    "revenueEstimated": null,
    "updatedFromDate": "2025-10-28",
    "fiscalDateEnding": "1995-03-31"
  },
  {
    "date": "1995-01-19",
    "symbol": "AAPL",
    "eps": 0.0138,
    "epsEstimated": null,
    "time": "amc",
    "revenue": 2832000000,
    "revenueEstimated": null,
    "updatedFromDate": "2025-10-28",
    "fiscalDateEnding": "1994-12-30"
  },
  {
    "date": "1994-12-13",
    "symbol": "AAPL",
    "eps": 0.00852,
    "epsEstimated": null,
    "time": "amc",
    "revenue": 2493286000,
    "revenueEstimated": null,
    "updatedFromDate": "2025-10-28",
    "fiscalDateEnding": "1994-09-30"
  },
  {
    "date": "1994-10-17",
    "symbol": "AAPL",
    "eps": 0.01037,
    "epsEstimated": null,
    "time": "amc",
    "revenue": 2149908000,
    "revenueEstimated": null,
    "updatedFromDate": "2025-10-28",
    "fiscalDateEnding": "1994-07-01"
  },
  {
    "date": "1994-04-21",
    "symbol": "AAPL",
    "eps": 0.00128,
    "epsEstimated": null,
    "time": "amc",
    "revenue": 2077000000,
    "revenueEstimated": null,
    "updatedFromDate": "2025-10-28",
    "fiscalDateEnding": "1994-03-31"
  },
  {
    "date": "1994-01-21",
    "symbol": "AAPL",
    "eps": 0.00305,
    "epsEstimated": null,
    "time": "amc",
    "revenue": 2469000000,
    "revenueEstimated": null,
    "updatedFromDate": "2025-10-28",
    "fiscalDateEnding": "1993-12-31"
  },
  {
    "date": "1993-10-15",
    "symbol": "AAPL",
    "eps": 0.0002,
    "epsEstimated": null,
    "time": "amc",
    "revenue": 2140800000,
    "revenueEstimated": null,
    "updatedFromDate": "2025-10-28",
    "fiscalDateEnding": "1993-09-30"
  },
  {
    "date": "1993-07-16",
    "symbol": "AAPL",
    "eps": -0.01396,
    "epsEstimated": null,
    "time": "amc",
    "revenue": 1861979000,
    "revenueEstimated": null,
    "updatedFromDate": "2025-10-28",
    "fiscalDateEnding": "1993-06-30"
  },
  {
    "date": "1993-04-20",
    "symbol": "AAPL",
    "eps": 0.00821,
    "epsEstimated": null,
    "time": "amc",
    "revenue": 1973900000,
    "revenueEstimated": null,
    "updatedFromDate": "2025-10-28",
    "fiscalDateEnding": "1993-03-31"
  },
  {
    "date": "1993-01-16",
    "symbol": "AAPL",
    "eps": 0.01189,
    "epsEstimated": null,
    "time": "amc",
    "revenue": 2000292000,
    "revenueEstimated": null,
    "updatedFromDate": "2025-10-28",
    "fiscalDateEnding": "1992-12-31"
  },
  {
    "date": "1992-09-30",
    "symbol": "AAPL",
    "eps": 0.00717,
    "epsEstimated": null,
    "time": "amc",
    "revenue": 1767700000,
    "revenueEstimated": null,
    "updatedFromDate": "2025-10-28",
    "fiscalDateEnding": "1992-09-30"
  },
  {
    "date": "1992-06-30",
    "symbol": "AAPL",
    "eps": 0.00964,
    "epsEstimated": null,
    "time": "amc",
    "revenue": 1740200000,
    "revenueEstimated": null,
    "updatedFromDate": "2025-10-28",
    "fiscalDateEnding": "1992-06-30"
  },
  {
    "date": "1992-03-31",
    "symbol": "AAPL",
    "eps": 0.00982,
    "epsEstimated": null,
    "time": "amc",
    "revenue": 1716000000,
    "revenueEstimated": null,
    "updatedFromDate": "2025-10-28",
    "fiscalDateEnding": "1992-03-31"
  },
  {
    "date": "1991-12-31",
    "symbol": "AAPL",
    "eps": 0.01214,
    "epsEstimated": null,
    "time": "amc",
    "revenue": 1862600000,
    "revenueEstimated": null,
    "updatedFromDate": "2025-10-28",
    "fiscalDateEnding": "1991-12-31"
  },
  {
    "date": "1991-09-30",
    "symbol": "AAPL",
    "eps": 0.00589,
    "epsEstimated": null,
    "time": "amc",
    "revenue": 1507000000,
    "revenueEstimated": null,
    "updatedFromDate": "2025-10-28",
    "fiscalDateEnding": "1991-09-30"
  },
  {
    "date": "1991-06-30",
    "symbol": "AAPL",
    "eps": -0.00393,
    "epsEstimated": null,
    "time": "amc",
    "revenue": 1528600000,
    "revenueEstimated": null,
    "updatedFromDate": "2025-10-28",
    "fiscalDateEnding": "1991-06-30"
  },
  {
    "date": "1991-03-31",
    "symbol": "AAPL",
    "eps": 0.00964,
    "epsEstimated": null,
    "time": "amc",
    "revenue": 1597700000,
    "revenueEstimated": null,
    "updatedFromDate": "2025-10-28",
    "fiscalDateEnding": "1991-03-31"
  },
  {
    "date": "1990-12-31",
    "symbol": "AAPL",
    "eps": 0.01143,
    "epsEstimated": null,
    "time": "amc",
    "revenue": 1675500000,
    "revenueEstimated": null,
    "updatedFromDate": "2025-10-28",
    "fiscalDateEnding": "1990-12-31"
  },
  {
    "date": "1990-09-30",
    "symbol": "AAPL",
    "eps": 0.00727,
    "epsEstimated": null,
    "time": "amc",
    "revenue": 1354100000,
    "revenueEstimated": null,
    "updatedFromDate": "2025-10-28",
    "fiscalDateEnding": "1990-09-30"
  },
  {
    "date": "1990-06-30",
    "symbol": "AAPL",
    "eps": 0.00857,
    "epsEstimated": null,
    "time": "amc",
    "revenue": 1364800000,
    "revenueEstimated": null,
    "updatedFromDate": "2025-10-28",
    "fiscalDateEnding": "1990-06-30"
  },
  {
    "date": "1990-03-31",
    "symbol": "AAPL",
    "eps": 0.00929,
    "epsEstimated": null,
    "time": "amc",
    "revenue": 1346200000,
    "revenueEstimated": null,
    "updatedFromDate": "2025-10-28",
    "fiscalDateEnding": "1990-03-31"
  },
  {
    "date": "1989-12-31",
    "symbol": "AAPL",
    "eps": 0.00857,
    "epsEstimated": null,
    "time": "amc",
    "revenue": 1493400000,
    "revenueEstimated": null,
    "updatedFromDate": "2025-10-28",
    "fiscalDateEnding": "1989-12-31"
  },
  {
    "date": "1989-09-30",
    "symbol": "AAPL",
    "eps": 0.01138,
    "epsEstimated": null,
    "time": "amc",
    "revenue": 1383700000,
    "revenueEstimated": null,
    "updatedFromDate": "2025-10-28",
    "fiscalDateEnding": "1989-09-30"
  },
  {
    "date": "1989-06-30",
    "symbol": "AAPL",
    "eps": 0.00692,
    "epsEstimated": null,
    "time": "amc",
    "revenue": 1248200000,
    "revenueEstimated": null,
    "updatedFromDate": "2025-10-28",
    "fiscalDateEnding": "1989-06-30"
  },
  {
    "date": "1989-03-31",
    "symbol": "AAPL",
    "eps": 0.00394,
    "epsEstimated": null,
    "time": "amc",
    "revenue": 1246900000,
    "revenueEstimated": null,
    "updatedFromDate": "2025-10-28",
    "fiscalDateEnding": "1989-03-31"
  },
  {
    "date": "1988-12-31",
    "symbol": "AAPL",
    "eps": 0.00984,
    "epsEstimated": null,
    "time": "amc",
    "revenue": 1405100000,
    "revenueEstimated": null,
    "updatedFromDate": "2025-10-28",
    "fiscalDateEnding": "1988-12-31"
  },
  {
    "date": "1988-09-30",
    "symbol": "AAPL",
    "eps": 0.00785,
    "epsEstimated": null,
    "time": "amc",
    "revenue": 1168700000,
    "revenueEstimated": null,
    "updatedFromDate": "2025-10-28",
    "fiscalDateEnding": "1988-09-30"
  },
  {
    "date": "1988-06-30",
    "symbol": "AAPL",
    "eps": 0.00624,
    "epsEstimated": null,
    "time": "amc",
    "revenue": 993100000,
    "revenueEstimated": null,
    "updatedFromDate": "2025-10-28",
    "fiscalDateEnding": "1988-06-30"
  },
  {
    "date": "1988-03-31",
    "symbol": "AAPL",
    "eps": 0.00571,
    "epsEstimated": null,
    "time": "amc",
    "revenue": 867200000,
    "revenueEstimated": null,
    "updatedFromDate": "2025-10-28",
    "fiscalDateEnding": "1988-03-31"
  },
  {
    "date": "1987-12-31",
    "symbol": "AAPL",
    "eps": 0.00863,
    "epsEstimated": null,
    "time": "amc",
    "revenue": 1042400000,
    "revenueEstimated": null,
    "updatedFromDate": "2025-10-28",
    "fiscalDateEnding": "1987-12-31"
  },
  {
    "date": "1987-09-30",
    "symbol": "AAPL",
    "eps": 0.00508,
    "epsEstimated": null,
    "time": "amc",
    "revenue": 786500000,
    "revenueEstimated": null,
    "updatedFromDate": "2025-10-28",
    "fiscalDateEnding": "1987-09-30"
  },
  {
    "date": "1987-06-30",
    "symbol": "AAPL",
    "eps": 0.00381,
    "epsEstimated": null,
    "time": "amc",
    "revenue": 637100000,
    "revenueEstimated": null,
    "updatedFromDate": "2025-10-28",
    "fiscalDateEnding": "1987-06-30"
  },
  {
    "date": "1987-03-31",
    "symbol": "AAPL",
    "eps": 0.00242,
    "epsEstimated": null,
    "time": "amc",
    "revenue": 575300000,
    "revenueEstimated": null,
    "updatedFromDate": "2025-10-28",
    "fiscalDateEnding": "1987-03-31"
  },
  {
    "date": "1986-12-31",
    "symbol": "AAPL",
    "eps": 0.0041,
    "epsEstimated": null,
    "time": "amc",
    "revenue": 662300000,
    "revenueEstimated": null,
    "updatedFromDate": "2025-10-28",
    "fiscalDateEnding": "1986-12-31"
  },
  {
    "date": "1986-09-30",
    "symbol": "AAPL",
    "eps": 0.00235,
    "epsEstimated": null,
    "time": "amc",
    "revenue": 510800000,
    "revenueEstimated": null,
    "updatedFromDate": "2025-10-28",
    "fiscalDateEnding": "1986-09-30"
  },
  {
    "date": "1986-06-30",
    "symbol": "AAPL",
    "eps": 0.00227,
    "epsEstimated": null,
    "time": "amc",
    "revenue": 448300000,
    "revenueEstimated": null,
    "updatedFromDate": "2025-10-28",
    "fiscalDateEnding": "1986-06-30"
  },
  {
    "date": "1986-03-31",
    "symbol": "AAPL",
    "eps": 0.00227,
    "epsEstimated": null,
    "time": "amc",
    "revenue": 408900000,
    "revenueEstimated": null,
    "updatedFromDate": "2025-10-28",
    "fiscalDateEnding": "1986-03-31"
  },
  {
    "date": "1985-12-31",
    "symbol": "AAPL",
    "eps": 0.00411,
    "epsEstimated": null,
    "time": "amc",
    "revenue": 533900000,
    "revenueEstimated": null,
    "updatedFromDate": "2025-10-28",
    "fiscalDateEnding": "1985-12-31"
  },
  {
    "date": "1985-09-30",
    "symbol": "AAPL",
    "eps": 0.00161,
    "epsEstimated": null,
    "time": "amc",
    "revenue": 409700000,
    "revenueEstimated": null,
    "updatedFromDate": "2025-10-28",
    "fiscalDateEnding": "1985-09-30"
  }
]