[
  {
    "date": "2026-04-24",
    "symbol": "ABBV",
    "eps": null,
    "epsEstimated": 3.12,
    "time": "bmo",
    "revenue": null,
    "revenueEstimated": null,
    "updatedFromDate": "2026-02-06",
    "fiscalDateEnding": "2026-03-31"
  },
  {
    "date": "2026-02-04",
    "symbol": "ABBV",
    "eps": 2.71,
    "epsEstimated": 2.65,
    "time": "bmo",
    "revenue": 16618000000,
    "revenueEstimated": 16413171628,
    "updatedFromDate": "2026-02-06",
    "fiscalDateEnding": "2025-12-31"
  },
  {
    "date": "2025-10-31",
    "symbol": "ABBV",
    "eps": 1.86,
    "epsEstimated": 1.77,
    "time": "bmo",
    "revenue": 15776000000,
    "revenueEstimated": 15585836457,
    "updatedFromDate": "2026-01-31",
    "fiscalDateEnding": "2025-09-30"
  },
  {
    "date": "2025-07-31",
    "symbol": "ABBV",
    "eps": 2.97,
    "epsEstimated": 2.88,
    "time": "bmo",
    "revenue": 15423000000,
    "revenueEstimated": 15028934255,
    "updatedFromDate": "2025-10-30",
    "fiscalDateEnding": "2025-06-30"
  },
  {
    "date": "2025-04-25",
    "symbol": "ABBV",
    "eps": 2.46,
    "epsEstimated": 2.38,
    "time": "bmo",
    "revenue": 13343000000,
    "revenueEstimated": 12927006520,
    "updatedFromDate": "2025-07-25",
    "fiscalDateEnding": "2025-03-31"
  },
  {
    "date": "2025-01-31",
    "symbol": "ABBV",
    "eps": 2.16,
    "epsEstimated": 2.98,
    "time": "bmo",
    "revenue": 15102000000,
    "revenueEstimated": 14831459715,
    "updatedFromDate": "2025-05-01",
    "fiscalDateEnding": "2024-12-31"
  },
  {
    "date": "2024-10-30",
    "symbol": "ABBV",
    "eps": 3,
    "epsEstimated": 2.92,
    "time": "bmo",
    "revenue": 14460000000,
    "revenueEstimated": 14282327431,
    "updatedFromDate": "2025-04-23",
    "fiscalDateEnding": "2024-09-30"
  },
  {
    "date": "2024-07-25",
    "symbol": "ABBV",
    "eps": 2.65,
    "epsEstimated": 2.57,
    "time": "bmo",
    "revenue": 14462000000,
    "revenueEstimated": 14021791242,
    "updatedFromDate": "2025-04-23",
    "fiscalDateEnding": "2024-06-30"
  },
  {
    "date": "2024-04-26",
    "symbol": "ABBV",
    "eps": 2.31,
    "epsEstimated": 2.26,
    "time": "bmo",
    "revenue": 12310000000,
    "revenueEstimated": 11929722730,
    "updatedFromDate": "2025-04-23",
    "fiscalDateEnding": "2024-03-31"
  },
  {
    "date": "2024-02-02",
    "symbol": "ABBV",
    "eps": 2.79,
    "epsEstimated": 2.76,
    "time": "bmo",
    "revenue": 14301000000,
    "revenueEstimated": 12977400000,
    "updatedFromDate": "2025-04-23",
    "fiscalDateEnding": "2023-12-31"
  },
  {
    "date": "2023-10-27",
    "symbol": "ABBV",
    "eps": 2.95,
    "epsEstimated": 2.86,
    "time": "bmo",
    "revenue": 13927000000,
    "revenueEstimated": 13671600000,
    "updatedFromDate": "2025-04-23",
    "fiscalDateEnding": "2023-09-30"
  },
  {
    "date": "2023-07-27",
    "symbol": "ABBV",
    "eps": 2.91,
    "epsEstimated": 2.79,
    "time": "bmo",
    "revenue": 13865000000,
    "revenueEstimated": 13516800000,
    "updatedFromDate": "2025-04-23",
    "fiscalDateEnding": "2023-06-30"
  },
  {
    "date": "2023-04-27",
    "symbol": "ABBV",
    "eps": 2.46,
    "epsEstimated": 2.44,
    "time": "bmo",
    "revenue": 12225000000,
    "revenueEstimated": 12167900000,
    "updatedFromDate": "2025-04-23",
    "fiscalDateEnding": "2023-03-31"
  },
  {
    "date": "2023-02-09",
    "symbol": "ABBV",
    "eps": 3.6,
    "epsEstimated": 3.54,
    "time": "bmo",
    "revenue": 15121000000,
    "revenueEstimated": 15331214906,
    "updatedFromDate": "2025-04-23",
    "fiscalDateEnding": "2022-12-31"
  },
  {
    "date": "2022-10-28",
    "symbol": "ABBV",
    "eps": 3.66,
    "epsEstimated": 3.56,
    "time": "bmo",
    "revenue": 14812000000,
    "revenueEstimated": 14960037499,
    "updatedFromDate": "2025-04-23",
    "fiscalDateEnding": "2022-09-30"
  },
  {
    "date": "2022-07-29",
    "symbol": "ABBV",
    "eps": 3.37,
    "epsEstimated": 3.31,
    "time": "bmo",
    "revenue": 14583000000,
    "revenueEstimated": 14664877978,
    "updatedFromDate": "2025-04-23",
    "fiscalDateEnding": "2022-06-30"
  },
  {
    "date": "2022-04-29",
    "symbol": "ABBV",
    "eps": 3.24,
    "epsEstimated": 3.14,
    "time": "bmo",
    "revenue": 13538000000,
    "revenueEstimated": 13612857615,
    "updatedFromDate": "2025-04-23",
    "fiscalDateEnding": "2022-03-31"
  },
  {
    "date": "2022-02-02",
    "symbol": "ABBV",
    "eps": 3.31,
    "epsEstimated": 3.29,
    "time": "bmo",
    "revenue": 14886000000,
    "revenueEstimated": 14951129423,
    "updatedFromDate": "2025-04-23",
    "fiscalDateEnding": "2021-12-31"
  },
  {
    "date": "2021-10-29",
    "symbol": "ABBV",
    "eps": 3.33,
    "epsEstimated": 3.23,
    "time": "bmo",
    "revenue": 14342000000,
    "revenueEstimated": 14353400000,
    "updatedFromDate": "2025-04-23",
    "fiscalDateEnding": "2021-09-30"
  },
  {
    "date": "2021-07-30",
    "symbol": "ABBV",
    "eps": 3.11,
    "epsEstimated": 3.11,
    "time": "bmo",
    "revenue": 13959000000,
    "revenueEstimated": 13959000000,
    "updatedFromDate": "2025-04-23",
    "fiscalDateEnding": "2021-06-30"
  },
  {
    "date": "2021-04-30",
    "symbol": "ABBV",
    "eps": 2.95,
    "epsEstimated": 2.77,
    "time": "bmo",
    "revenue": 13010000000,
    "revenueEstimated": 12808000000,
    "updatedFromDate": "2025-04-23",
    "fiscalDateEnding": "2021-03-31"
  },
  {
    "date": "2021-02-03",
    "symbol": "ABBV",
    "eps": 2.92,
    "epsEstimated": 2.85,
    "time": "bmo",
    "revenue": 13858000000,
    "revenueEstimated": 13726400000,
    "updatedFromDate": "2025-04-23",
    "fiscalDateEnding": "2020-12-31"
  },
  {
    "date": "2020-10-30",
    "symbol": "ABBV",
    "eps": 2.83,
    "epsEstimated": 2.75,
    "time": "bmo",
    "revenue": 12902000000,
    "revenueEstimated": 12628459363,
    "updatedFromDate": "2025-04-23",
    "fiscalDateEnding": "2020-09-30"
  },
  {
    "date": "2020-07-31",
    "symbol": "ABBV",
    "eps": 2.34,
    "epsEstimated": 2.24,
    "time": "bmo",
    "revenue": 10425000000,
    "revenueEstimated": 9756730769,
    "updatedFromDate": "2025-04-23",
    "fiscalDateEnding": "2020-06-30"
  },
  {
    "date": "2020-05-01",
    "symbol": "ABBV",
    "eps": 2.42,
    "epsEstimated": 2.25,
    "time": "bmo",
    "revenue": 8619000000,
    "revenueEstimated": 8013533057,
    "updatedFromDate": "2025-04-23",
    "fiscalDateEnding": "2020-03-31"
  },
  {
    "date": "2020-02-07",
    "symbol": "ABBV",
    "eps": 2.21,
    "epsEstimated": 2.19,
    "time": "bmo",
    "revenue": 8704000000,
    "revenueEstimated": 8625230769,
    "updatedFromDate": "2025-04-23",
    "fiscalDateEnding": "2019-12-31"
  },
  {
    "date": "2019-11-01",
    "symbol": "ABBV",
    "eps": 2.33,
    "epsEstimated": 2.29,
    "time": "bmo",
    "revenue": 8479000000,
    "revenueEstimated": 8369828326,
    "updatedFromDate": "2025-04-23",
    "fiscalDateEnding": "2019-09-30"
  },
  {
    "date": "2019-07-26",
    "symbol": "ABBV",
    "eps": 2.26,
    "epsEstimated": 2.21,
    "time": "bmo",
    "revenue": 8255000000,
    "revenueEstimated": 8072367256,
    "updatedFromDate": "2025-04-23",
    "fiscalDateEnding": "2019-06-30"
  },
  {
    "date": "2019-04-25",
    "symbol": "ABBV",
    "eps": 2.14,
    "epsEstimated": 2.05,
    "time": "bmo",
    "revenue": 7828000000,
    "revenueEstimated": 7498785046,
    "updatedFromDate": "2025-04-23",
    "fiscalDateEnding": "2019-03-31"
  },
  {
    "date": "2019-01-25",
    "symbol": "ABBV",
    "eps": 1.9,
    "epsEstimated": 1.92,
    "time": "bmo",
    "revenue": 8305000000,
    "revenueEstimated": 8479842105,
    "updatedFromDate": "2025-04-23",
    "fiscalDateEnding": "2018-12-31"
  },
  {
    "date": "2018-11-02",
    "symbol": "ABBV",
    "eps": 2.14,
    "epsEstimated": 2.02,
    "time": "bmo",
    "revenue": 8236000000,
    "revenueEstimated": 7774168224,
    "updatedFromDate": "2025-04-23",
    "fiscalDateEnding": "2018-09-30"
  },
  {
    "date": "2018-07-27",
    "symbol": "ABBV",
    "eps": 2,
    "epsEstimated": 1.98,
    "time": "bmo",
    "revenue": 8278000000,
    "revenueEstimated": 8153830000,
    "updatedFromDate": "2025-04-23",
    "fiscalDateEnding": "2018-06-30"
  },
  {
    "date": "2018-04-26",
    "symbol": "ABBV",
    "eps": 1.87,
    "epsEstimated": 1.79,
    "time": "bmo",
    "revenue": 7934000000,
    "revenueEstimated": 7594577540,
    "updatedFromDate": "2025-04-23",
    "fiscalDateEnding": "2018-03-31"
  },
  {
    "date": "2018-01-26",
    "symbol": "ABBV",
    "eps": 1.48,
    "epsEstimated": 1.44,
    "time": "bmo",
    "revenue": 7739000000,
    "revenueEstimated": 7529837837,
    "updatedFromDate": "2025-04-23",
    "fiscalDateEnding": "2017-12-31"
  },
  {
    "date": "2017-10-27",
    "symbol": "ABBV",
    "eps": 1.41,
    "epsEstimated": 1.39,
    "time": "bmo",
    "revenue": 6995000000,
    "revenueEstimated": 6895780141,
    "updatedFromDate": "2025-04-23",
    "fiscalDateEnding": "2017-09-30"
  },
  {
    "date": "2017-07-28",
    "symbol": "ABBV",
    "eps": 1.42,
    "epsEstimated": 1.4,
    "time": "bmo",
    "revenue": 6944000000,
    "revenueEstimated": 6846197183,
    "updatedFromDate": "2025-04-23",
    "fiscalDateEnding": "2017-06-30"
  },
  {
    "date": "2017-04-27",
    "symbol": "ABBV",
    "eps": 1.28,
    "epsEstimated": 1.26,
    "time": "bmo",
    "revenue": 6538000000,
    "revenueEstimated": 6435843750,
    "updatedFromDate": "2025-04-23",
    "fiscalDateEnding": "2017-03-31"
  },
  {
    "date": "2017-01-27",
    "symbol": "ABBV",
    "eps": 1.2,
    "epsEstimated": 1.2,
    "time": "bmo",
    "revenue": 6796000000,
    "revenueEstimated": 6796000000,
    "updatedFromDate": "2025-04-23",
    "fiscalDateEnding": "2016-12-31"
  },
  {
    "date": "2016-10-28",
    "symbol": "ABBV",
    "eps": 1.21,
    "epsEstimated": 1.2,
    "time": "bmo",
    "revenue": 6432000000,
    "revenueEstimated": 6378842975,
    "updatedFromDate": "2025-04-23",
    "fiscalDateEnding": "2016-09-30"
  },
  {
    "date": "2016-07-29",
    "symbol": "ABBV",
    "eps": 1.26,
    "epsEstimated": 1.2,
    "time": "bmo",
    "revenue": 6452000000,
    "revenueEstimated": 6144761904,
    "updatedFromDate": "2025-04-23",
    "fiscalDateEnding": "2016-06-30"
  },
  {
    "date": "2016-04-28",
    "symbol": "ABBV",
    "eps": 1.15,
    "epsEstimated": 1.12,
    "time": "bmo",
    "revenue": 5958000000,
    "revenueEstimated": 5854382608,
    "updatedFromDate": "2025-04-23",
    "fiscalDateEnding": "2016-03-31"
  },
  {
    "date": "2016-01-29",
    "symbol": "ABBV",
    "eps": 1.13,
    "epsEstimated": 1.12,
    "time": "bmo",
    "revenue": 6400000000,
    "revenueEstimated": 6343362831,
    "updatedFromDate": "2025-04-23",
    "fiscalDateEnding": "2015-12-31"
  },
  {
    "date": "2015-10-30",
    "symbol": "ABBV",
    "eps": 1.13,
    "epsEstimated": 1.07,
    "time": "bmo",
    "revenue": 5944000000,
    "revenueEstimated": 5680991150,
    "updatedFromDate": "2025-04-23",
    "fiscalDateEnding": "2015-09-30"
  },
  {
    "date": "2015-07-24",
    "symbol": "ABBV",
    "eps": 1.08,
    "epsEstimated": 1.06,
    "time": "bmo",
    "revenue": 5475000000,
    "revenueEstimated": 5373611111,
    "updatedFromDate": "2025-04-23",
    "fiscalDateEnding": "2015-06-30"
  },
  {
    "date": "2015-04-23",
    "symbol": "ABBV",
    "eps": 0.94,
    "epsEstimated": 0.84,
    "time": "bmo",
    "revenue": 5040000000,
    "revenueEstimated": 4557446808,
    "updatedFromDate": "2025-04-23",
    "fiscalDateEnding": "2015-03-31"
  },
  {
    "date": "2015-01-30",
    "symbol": "ABBV",
    "eps": 0.89,
    "epsEstimated": 0.85,
    "time": "bmo",
    "revenue": 5452000000,
    "revenueEstimated": 5268224719,
    "updatedFromDate": "2025-04-23",
    "fiscalDateEnding": "2014-12-31"
  },
  {
    "date": "2014-10-31",
    "symbol": "ABBV",
    "eps": 0.89,
    "epsEstimated": 0.78,
    "time": "bmo",
    "revenue": 5019000000,
    "revenueEstimated": 4342280898,
    "updatedFromDate": "2025-04-23",
    "fiscalDateEnding": "2014-09-30"
  },
  {
    "date": "2014-07-25",
    "symbol": "ABBV",
    "eps": 0.82,
    "epsEstimated": 0.76,
    "time": "bmo",
    "revenue": 4926000000,
    "revenueEstimated": 4565560975,
    "updatedFromDate": "2025-04-23",
    "fiscalDateEnding": "2014-06-30"
  },
  {
    "date": "2014-04-25",
    "symbol": "ABBV",
    "eps": 0.71,
    "epsEstimated": 0.68,
    "time": "bmo",
    "revenue": 4563000000,
    "revenueEstimated": 4370197183,
    "updatedFromDate": "2025-04-23",
    "fiscalDateEnding": "2014-03-31"
  },
  {
    "date": "2014-01-31",
    "symbol": "ABBV",
    "eps": 0.82,
    "epsEstimated": 0.82,
    "time": "bmo",
    "revenue": 5111000000,
    "revenueEstimated": 5111000000,
    "updatedFromDate": "2025-04-23",
    "fiscalDateEnding": "2013-12-31"
  },
  {
    "date": "2013-10-25",
    "symbol": "ABBV",
    "eps": 0.82,
    "epsEstimated": 0.78,
    "time": "bmo",
    "revenue": 4658000000,
    "revenueEstimated": 4430780487,
    "updatedFromDate": "2025-04-23",
    "fiscalDateEnding": "2013-09-30"
  },
  {
    "date": "2013-07-26",
    "symbol": "ABBV",
    "eps": 0.82,
    "epsEstimated": 0.79,
    "time": "bmo",
    "revenue": 4692000000,
    "revenueEstimated": 4520341463,
    "updatedFromDate": "2025-04-23",
    "fiscalDateEnding": "2013-06-30"
  },
  {
    "date": "2013-04-26",
    "symbol": "ABBV",
    "eps": 0.68,
    "epsEstimated": 0.67,
    "time": "bmo",
    "revenue": 4329000000,
    "revenueEstimated": 4265338235,
    "updatedFromDate": "2025-04-23",
    "fiscalDateEnding": "2013-03-31"
  },
  {
    "date": "2013-03-15",
    "symbol": "ABBV",
    "eps": 0.96,
    "epsEstimated": null,
    "time": "bmo",
    "revenue": 5205795000,
    "revenueEstimated": null,
    "updatedFromDate": "2025-04-23",
    "fiscalDateEnding": "2012-12-31"
  },
  {
    "date": "2013-01-23",
    "symbol": "ABBV",
    "eps": 1,
    "epsEstimated": 0.99,
    "time": "bmo",
    "revenue": 4508000000,
    "revenueEstimated": null,
    "updatedFromDate": "2025-04-23",
    "fiscalDateEnding": "2012-09-30"
  },
  {
    "date": "2012-06-29",
    "symbol": "ABBV",
    "eps": 0.78,
    "epsEstimated": null,
    "time": "bmo",
    "revenue": 4493000000,
    "revenueEstimated": null,
    "updatedFromDate": "2025-04-23",
    "fiscalDateEnding": "2012-06-30"
  },
  {
    "date": "2012-03-30",
    "symbol": "ABBV",
    "eps": 0.544,
    "epsEstimated": null,
    "time": "bmo",
    "revenue": 4172948000,
    "revenueEstimated": null,
    "updatedFromDate": "2025-04-23",
    "fiscalDateEnding": "2012-03-31"
  },
  {
    "date": "2011-12-30",
    "symbol": "ABBV",
    "eps": 0.733,
    "epsEstimated": null,
    "time": "bmo",
    "revenue": 4864063000,
    "revenueEstimated": null,
    "updatedFromDate": "2025-04-23",
    "fiscalDateEnding": "2011-12-31"
  },
  {
    "date": "2011-09-29",
    "symbol": "ABBV",
    "eps": 0.00781,
    "epsEstimated": null,
    "time": "bmo",
    "revenue": 4408681000,
    "revenueEstimated": null,
    "updatedFromDate": "2025-04-23",
    "fiscalDateEnding": "2011-09-30"
  },
  {
    "date": "2011-06-29",
    "symbol": "ABBV",
    "eps": 0.975,
    "epsEstimated": null,
    "time": "bmo",
    "revenue": 4274445000,
    "revenueEstimated": null,
    "updatedFromDate": "2025-04-23",
    "fiscalDateEnding": "2011-06-30"
  },
  {
    "date": "2011-03-30",
    "symbol": "ABBV",
    "eps": 0.445,
    "epsEstimated": null,
    "time": "bmo",
    "revenue": 3896762000,
    "revenueEstimated": null,
    "updatedFromDate": "2025-04-23",
    "fiscalDateEnding": "2011-03-31"
  }
]