[
  {
    "date": "2026-04-14",
    "symbol": "JPM",
    "eps": null,
    "epsEstimated": 5.35,
    "time": "bmo",
    "revenue": null,
    "revenueEstimated": 48057552610,
    "updatedFromDate": "2026-01-28",
    "fiscalDateEnding": "2026-03-31"
  },
  {
    "date": "2026-01-13",
    "symbol": "JPM",
    "eps": 4.63,
    "epsEstimated": 4.85,
    "time": "bmo",
    "revenue": 45798000000,
    "revenueEstimated": 46166454906,
    "updatedFromDate": "2026-01-28",
    "fiscalDateEnding": "2025-12-31"
  },
  {
    "date": "2025-10-14",
    "symbol": "JPM",
    "eps": 5.07,
    "epsEstimated": 4.85,
    "time": "bmo",
    "revenue": 46430000000,
    "revenueEstimated": 45467182057,
    "updatedFromDate": "2026-01-28",
    "fiscalDateEnding": "2025-09-30"
  },
  {
    "date": "2025-07-15",
    "symbol": "JPM",
    "eps": 4.96,
    "epsEstimated": 4.48,
    "time": "bmo",
    "revenue": 44882000000,
    "revenueEstimated": 43812377772,
    "updatedFromDate": "2026-01-28",
    "fiscalDateEnding": "2025-06-30"
  },
  {
    "date": "2025-04-11",
    "symbol": "JPM",
    "eps": 5.07,
    "epsEstimated": 4.63,
    "time": "bmo",
    "revenue": 45327000000,
    "revenueEstimated": 43993969886,
    "updatedFromDate": "2026-01-28",
    "fiscalDateEnding": "2025-03-31"
  },
  {
    "date": "2025-02-14",
    "symbol": "JPM",
    "eps": 4.81,
    "epsEstimated": 4.09,
    "time": "bmo",
    "revenue": 42768000000,
    "revenueEstimated": 41949586856,
    "updatedFromDate": "2026-01-28",
    "fiscalDateEnding": "2024-12-31"
  },
  {
    "date": "2024-10-11",
    "symbol": "JPM",
    "eps": 4.37,
    "epsEstimated": 3.99,
    "time": "bmo",
    "revenue": 42656000000,
    "revenueEstimated": 41426533657,
    "updatedFromDate": "2026-01-28",
    "fiscalDateEnding": "2024-09-30"
  },
  {
    "date": "2024-07-12",
    "symbol": "JPM",
    "eps": 4.4,
    "epsEstimated": 5.88,
    "time": "bmo",
    "revenue": 42068000000,
    "revenueEstimated": 42226052217,
    "updatedFromDate": "2026-01-28",
    "fiscalDateEnding": "2024-06-30"
  },
  {
    "date": "2024-04-12",
    "symbol": "JPM",
    "eps": 4.63,
    "epsEstimated": 4.17,
    "time": "bmo",
    "revenue": 41908000000,
    "revenueEstimated": 41688837366,
    "updatedFromDate": "2026-01-28",
    "fiscalDateEnding": "2024-03-31"
  },
  {
    "date": "2024-01-29",
    "symbol": "JPM",
    "eps": 3.19,
    "epsEstimated": 4.28,
    "time": "bmo",
    "revenue": 38600000000,
    "revenueEstimated": 41915200000,
    "updatedFromDate": "2026-01-28",
    "fiscalDateEnding": "2023-12-31"
  },
  {
    "date": "2023-10-13",
    "symbol": "JPM",
    "eps": 4.33,
    "epsEstimated": 3.89,
    "time": "bmo",
    "revenue": 39761000000,
    "revenueEstimated": 39560200000,
    "updatedFromDate": "2026-01-28",
    "fiscalDateEnding": "2023-09-30"
  },
  {
    "date": "2023-07-14",
    "symbol": "JPM",
    "eps": 4.37,
    "epsEstimated": 3.62,
    "time": "bmo",
    "revenue": 38582000000,
    "revenueEstimated": 38957600000,
    "updatedFromDate": "2026-01-28",
    "fiscalDateEnding": "2023-06-30"
  },
  {
    "date": "2023-04-14",
    "symbol": "JPM",
    "eps": 4.1,
    "epsEstimated": 3.41,
    "time": "bmo",
    "revenue": 38348000000,
    "revenueEstimated": 35563400000,
    "updatedFromDate": "2026-01-28",
    "fiscalDateEnding": "2023-03-31"
  },
  {
    "date": "2023-02-21",
    "symbol": "JPM",
    "eps": 3.57,
    "epsEstimated": 3.08,
    "time": "bmo",
    "revenue": 34547000000,
    "revenueEstimated": 34352586220,
    "updatedFromDate": "2026-01-28",
    "fiscalDateEnding": "2022-12-31"
  },
  {
    "date": "2022-10-14",
    "symbol": "JPM",
    "eps": 3.12,
    "epsEstimated": 2.96,
    "time": "bmo",
    "revenue": 32702000000,
    "revenueEstimated": 32056129590,
    "updatedFromDate": "2026-01-28",
    "fiscalDateEnding": "2022-09-30"
  },
  {
    "date": "2022-07-14",
    "symbol": "JPM",
    "eps": 2.76,
    "epsEstimated": 2.85,
    "time": "bmo",
    "revenue": 30709000000,
    "revenueEstimated": 31867527383,
    "updatedFromDate": "2026-01-28",
    "fiscalDateEnding": "2022-06-30"
  },
  {
    "date": "2022-04-13",
    "symbol": "JPM",
    "eps": 2.63,
    "epsEstimated": 2.73,
    "time": "bmo",
    "revenue": 30718000000,
    "revenueEstimated": 30607875171,
    "updatedFromDate": "2026-01-28",
    "fiscalDateEnding": "2022-03-31"
  },
  {
    "date": "2022-02-22",
    "symbol": "JPM",
    "eps": 3.33,
    "epsEstimated": 3.01,
    "time": "bmo",
    "revenue": 29288000000,
    "revenueEstimated": 31329400000,
    "updatedFromDate": "2026-01-28",
    "fiscalDateEnding": "2021-12-31"
  },
  {
    "date": "2021-10-13",
    "symbol": "JPM",
    "eps": 3.74,
    "epsEstimated": 3,
    "time": "bmo",
    "revenue": 29661000000,
    "revenueEstimated": 29600500000,
    "updatedFromDate": "2026-01-28",
    "fiscalDateEnding": "2021-09-30"
  },
  {
    "date": "2021-07-13",
    "symbol": "JPM",
    "eps": 3.78,
    "epsEstimated": 3.1,
    "time": "bmo",
    "revenue": 30486000000,
    "revenueEstimated": 29960500000,
    "updatedFromDate": "2026-01-28",
    "fiscalDateEnding": "2021-06-30"
  },
  {
    "date": "2021-04-14",
    "symbol": "JPM",
    "eps": 4.5,
    "epsEstimated": 3.05,
    "time": "bmo",
    "revenue": 32250000000,
    "revenueEstimated": 29195525805,
    "updatedFromDate": "2026-01-28",
    "fiscalDateEnding": "2021-03-31"
  },
  {
    "date": "2021-02-23",
    "symbol": "JPM",
    "eps": 3.79,
    "epsEstimated": 2.62,
    "time": "bmo",
    "revenue": 29266000000,
    "revenueEstimated": 26686419846,
    "updatedFromDate": "2026-01-28",
    "fiscalDateEnding": "2020-12-31"
  },
  {
    "date": "2020-10-13",
    "symbol": "JPM",
    "eps": 2.92,
    "epsEstimated": 2.35,
    "time": "bmo",
    "revenue": 29158000000,
    "revenueEstimated": 20128421524,
    "updatedFromDate": "2026-01-28",
    "fiscalDateEnding": "2020-09-30"
  },
  {
    "date": "2020-07-14",
    "symbol": "JPM",
    "eps": 1.38,
    "epsEstimated": 1.34,
    "time": "bmo",
    "revenue": 33071000000,
    "revenueEstimated": 24854492753,
    "updatedFromDate": "2026-01-28",
    "fiscalDateEnding": "2020-06-30"
  },
  {
    "date": "2020-05-07",
    "symbol": "JPM",
    "eps": 0.924,
    "epsEstimated": null,
    "time": "bmo",
    "revenue": 32999000000,
    "revenueEstimated": null,
    "updatedFromDate": "2026-01-28",
    "fiscalDateEnding": "2020-03-31"
  },
  {
    "date": "2020-04-14",
    "symbol": "JPM",
    "eps": 2.57,
    "epsEstimated": 2.35,
    "time": "bmo",
    "revenue": 28331000000,
    "revenueEstimated": 25905778210,
    "updatedFromDate": "2026-01-28",
    "fiscalDateEnding": "2019-12-31"
  },
  {
    "date": "2019-10-15",
    "symbol": "JPM",
    "eps": 2.68,
    "epsEstimated": 2.44,
    "time": "bmo",
    "revenue": 29291000000,
    "revenueEstimated": 26822929104,
    "updatedFromDate": "2026-01-28",
    "fiscalDateEnding": "2019-09-30"
  },
  {
    "date": "2019-07-16",
    "symbol": "JPM",
    "eps": 2.59,
    "epsEstimated": 2.5,
    "time": "bmo",
    "revenue": 28747000000,
    "revenueEstimated": 25484929078,
    "updatedFromDate": "2026-01-28",
    "fiscalDateEnding": "2019-06-30"
  },
  {
    "date": "2019-04-12",
    "symbol": "JPM",
    "eps": 2.65,
    "epsEstimated": 2.32,
    "time": "bmo",
    "revenue": 29123000000,
    "revenueEstimated": 25826056603,
    "updatedFromDate": "2026-01-28",
    "fiscalDateEnding": "2019-03-31"
  },
  {
    "date": "2019-02-26",
    "symbol": "JPM",
    "eps": 1.98,
    "epsEstimated": 2.2,
    "time": "bmo",
    "revenue": 26109000000,
    "revenueEstimated": 29010000000,
    "updatedFromDate": "2026-01-28",
    "fiscalDateEnding": "2018-12-31"
  },
  {
    "date": "2018-10-12",
    "symbol": "JPM",
    "eps": 2.34,
    "epsEstimated": 2.24,
    "time": "bmo",
    "revenue": 27260000000,
    "revenueEstimated": 26211538461,
    "updatedFromDate": "2026-01-28",
    "fiscalDateEnding": "2018-09-30"
  },
  {
    "date": "2018-07-13",
    "symbol": "JPM",
    "eps": 2.29,
    "epsEstimated": 2.22,
    "time": "bmo",
    "revenue": 27753000000,
    "revenueEstimated": 26904655021,
    "updatedFromDate": "2026-01-28",
    "fiscalDateEnding": "2018-06-30"
  },
  {
    "date": "2018-04-13",
    "symbol": "JPM",
    "eps": 2.37,
    "epsEstimated": 2.28,
    "time": "bmo",
    "revenue": 27907000000,
    "revenueEstimated": 26847240506,
    "updatedFromDate": "2026-01-28",
    "fiscalDateEnding": "2018-03-31"
  },
  {
    "date": "2018-02-27",
    "symbol": "JPM",
    "eps": 1.2,
    "epsEstimated": null,
    "time": "bmo",
    "revenue": 28119000000,
    "revenueEstimated": null,
    "updatedFromDate": "2026-01-28",
    "fiscalDateEnding": "2017-12-31"
  },
  {
    "date": "2017-10-12",
    "symbol": "JPM",
    "eps": 1.76,
    "epsEstimated": 1.67,
    "time": "bmo",
    "revenue": 25578000000,
    "revenueEstimated": 23979375000,
    "updatedFromDate": "2026-01-28",
    "fiscalDateEnding": "2017-09-30"
  },
  {
    "date": "2017-07-14",
    "symbol": "JPM",
    "eps": 1.82,
    "epsEstimated": 1.57,
    "time": "bmo",
    "revenue": 25086000000,
    "revenueEstimated": 22337901098,
    "updatedFromDate": "2026-01-28",
    "fiscalDateEnding": "2017-06-30"
  },
  {
    "date": "2017-04-13",
    "symbol": "JPM",
    "eps": 1.65,
    "epsEstimated": 1.51,
    "time": "bmo",
    "revenue": 24939000000,
    "revenueEstimated": 22974109090,
    "updatedFromDate": "2026-01-28",
    "fiscalDateEnding": "2017-03-31"
  },
  {
    "date": "2017-02-28",
    "symbol": "JPM",
    "eps": 1.86,
    "epsEstimated": null,
    "time": "bmo",
    "revenue": 26089000000,
    "revenueEstimated": null,
    "updatedFromDate": "2026-01-28",
    "fiscalDateEnding": "2016-12-31"
  },
  {
    "date": "2016-10-14",
    "symbol": "JPM",
    "eps": 1.58,
    "epsEstimated": 1.4,
    "time": "bmo",
    "revenue": 24673000000,
    "revenueEstimated": 21705993670,
    "updatedFromDate": "2026-01-28",
    "fiscalDateEnding": "2016-09-30"
  },
  {
    "date": "2016-07-14",
    "symbol": "JPM",
    "eps": 1.55,
    "epsEstimated": 1.43,
    "time": "bmo",
    "revenue": 24380000000,
    "revenueEstimated": 22492516129,
    "updatedFromDate": "2026-01-28",
    "fiscalDateEnding": "2016-06-30"
  },
  {
    "date": "2016-04-13",
    "symbol": "JPM",
    "eps": 1.35,
    "epsEstimated": 1.26,
    "time": "bmo",
    "revenue": 23239000000,
    "revenueEstimated": 21689733333,
    "updatedFromDate": "2026-01-28",
    "fiscalDateEnding": "2016-03-31"
  },
  {
    "date": "2016-02-23",
    "symbol": "JPM",
    "eps": 1.46,
    "epsEstimated": null,
    "time": "bmo",
    "revenue": 24301000000,
    "revenueEstimated": null,
    "updatedFromDate": "2026-01-28",
    "fiscalDateEnding": "2015-12-31"
  },
  {
    "date": "2015-10-13",
    "symbol": "JPM",
    "eps": 1.32,
    "epsEstimated": 1.38,
    "time": "amc",
    "revenue": 22780000000,
    "revenueEstimated": 18576547619,
    "updatedFromDate": "2026-01-28",
    "fiscalDateEnding": "2015-09-30"
  },
  {
    "date": "2015-07-14",
    "symbol": "JPM",
    "eps": 1.54,
    "epsEstimated": 1.44,
    "time": "bmo",
    "revenue": 23812000000,
    "revenueEstimated": 22265766233,
    "updatedFromDate": "2026-01-28",
    "fiscalDateEnding": "2015-06-30"
  },
  {
    "date": "2015-04-14",
    "symbol": "JPM",
    "eps": 1.45,
    "epsEstimated": 1.39,
    "time": "bmo",
    "revenue": 24066000000,
    "revenueEstimated": 23236137931,
    "updatedFromDate": "2026-01-28",
    "fiscalDateEnding": "2015-03-31"
  },
  {
    "date": "2015-02-24",
    "symbol": "JPM",
    "eps": 1.31,
    "epsEstimated": null,
    "time": "bmo",
    "revenue": 24401000000,
    "revenueEstimated": null,
    "updatedFromDate": "2026-01-28",
    "fiscalDateEnding": "2014-12-31"
  },
  {
    "date": "2014-10-14",
    "symbol": "JPM",
    "eps": 1.36,
    "epsEstimated": 1.4,
    "time": "bmo",
    "revenue": 24469000000,
    "revenueEstimated": 24828838235,
    "updatedFromDate": "2026-01-28",
    "fiscalDateEnding": "2014-09-30"
  },
  {
    "date": "2014-07-15",
    "symbol": "JPM",
    "eps": 1.46,
    "epsEstimated": 1.3,
    "time": "bmo",
    "revenue": 24678000000,
    "revenueEstimated": 21804534246,
    "updatedFromDate": "2026-01-28",
    "fiscalDateEnding": "2014-06-30"
  },
  {
    "date": "2014-04-11",
    "symbol": "JPM",
    "eps": 1.28,
    "epsEstimated": 1.41,
    "time": "bmo",
    "revenue": 25341000000,
    "revenueEstimated": 25391406250,
    "updatedFromDate": "2026-01-28",
    "fiscalDateEnding": "2014-03-31"
  },
  {
    "date": "2014-02-19",
    "symbol": "JPM",
    "eps": 1.39,
    "epsEstimated": null,
    "time": "bmo",
    "revenue": 25511000000,
    "revenueEstimated": null,
    "updatedFromDate": "2026-01-28",
    "fiscalDateEnding": "2013-12-31"
  },
  {
    "date": "2013-10-11",
    "symbol": "JPM",
    "eps": 1.42,
    "epsEstimated": 1.27,
    "time": "bmo",
    "revenue": 23117000000,
    "revenueEstimated": 19047105633,
    "updatedFromDate": "2026-01-28",
    "fiscalDateEnding": "2013-09-30"
  },
  {
    "date": "2013-08-07",
    "symbol": "JPM",
    "eps": 1.7,
    "epsEstimated": null,
    "time": "bmo",
    "revenue": 27579000000,
    "revenueEstimated": null,
    "updatedFromDate": "2026-01-28",
    "fiscalDateEnding": "2013-06-30"
  },
  {
    "date": "2013-07-12",
    "symbol": "JPM",
    "eps": 1.6,
    "epsEstimated": 1.45,
    "time": "bmo",
    "revenue": 25122000000,
    "revenueEstimated": 22689899999,
    "updatedFromDate": "2026-01-28",
    "fiscalDateEnding": "2013-03-31"
  },
  {
    "date": "2013-04-12",
    "symbol": "JPM",
    "eps": 1.59,
    "epsEstimated": 1.38,
    "time": "bmo",
    "revenue": 23653000000,
    "revenueEstimated": 21961999999,
    "updatedFromDate": "2026-01-28",
    "fiscalDateEnding": "2012-12-31"
  },
  {
    "date": "2012-11-08",
    "symbol": "JPM",
    "eps": 1.5,
    "epsEstimated": null,
    "time": "bmo",
    "revenue": 27799000000,
    "revenueEstimated": null,
    "updatedFromDate": "2026-01-28",
    "fiscalDateEnding": "2012-09-30"
  },
  {
    "date": "2012-10-12",
    "symbol": "JPM",
    "eps": 1.4,
    "epsEstimated": 1.21,
    "time": "bmo",
    "revenue": 22180000000,
    "revenueEstimated": 20649695364,
    "updatedFromDate": "2026-01-28",
    "fiscalDateEnding": "2012-06-30"
  },
  {
    "date": "2012-07-13",
    "symbol": "JPM",
    "eps": 1.21,
    "epsEstimated": 0.71,
    "time": "bmo",
    "revenue": 26052000000,
    "revenueEstimated": 14447522935,
    "updatedFromDate": "2026-01-28",
    "fiscalDateEnding": "2012-03-31"
  },
  {
    "date": "2012-04-13",
    "symbol": "JPM",
    "eps": 1.31,
    "epsEstimated": 1.18,
    "time": "bmo",
    "revenue": 24394000000,
    "revenueEstimated": 24016687499,
    "updatedFromDate": "2026-01-28",
    "fiscalDateEnding": "2011-12-31"
  },
  {
    "date": "2011-11-04",
    "symbol": "JPM",
    "eps": 1.1,
    "epsEstimated": null,
    "time": "bmo",
    "revenue": 27106000000,
    "revenueEstimated": null,
    "updatedFromDate": "2026-01-28",
    "fiscalDateEnding": "2011-09-30"
  },
  {
    "date": "2011-08-05",
    "symbol": "JPM",
    "eps": 1.37,
    "epsEstimated": null,
    "time": "bmo",
    "revenue": 30575000000,
    "revenueEstimated": null,
    "updatedFromDate": "2026-01-28",
    "fiscalDateEnding": "2011-06-30"
  },
  {
    "date": "2011-05-05",
    "symbol": "JPM",
    "eps": 1.38,
    "epsEstimated": null,
    "time": "bmo",
    "revenue": 28763000000,
    "revenueEstimated": null,
    "updatedFromDate": "2026-01-28",
    "fiscalDateEnding": "2011-03-31"
  },
  {
    "date": "2011-04-13",
    "symbol": "JPM",
    "eps": 1.23,
    "epsEstimated": 1.16,
    "time": "bmo",
    "revenue": 26098000000,
    "revenueEstimated": 22856531249,
    "updatedFromDate": "2026-01-28",
    "fiscalDateEnding": "2010-12-31"
  },
  {
    "date": "2011-01-14",
    "symbol": "JPM",
    "eps": 1.11,
    "epsEstimated": 1,
    "time": "bmo",
    "revenue": 23824000000,
    "revenueEstimated": 23301785714,
    "updatedFromDate": "2026-01-28",
    "fiscalDateEnding": "2010-09-30"
  },
  {
    "date": "2010-08-06",
    "symbol": "JPM",
    "eps": 1.2,
    "epsEstimated": null,
    "time": "bmo",
    "revenue": 28133000000,
    "revenueEstimated": null,
    "updatedFromDate": "2026-01-28",
    "fiscalDateEnding": "2010-06-30"
  },
  {
    "date": "2010-07-15",
    "symbol": "JPM",
    "eps": 0.833,
    "epsEstimated": 0.67,
    "time": "bmo",
    "revenue": 27671000000,
    "revenueEstimated": 23037904109,
    "updatedFromDate": "2026-01-28",
    "fiscalDateEnding": "2010-03-31"
  },
  {
    "date": "2010-04-14",
    "symbol": "JPM",
    "eps": 0.825,
    "epsEstimated": 0.64,
    "time": "bmo",
    "revenue": 23164000000,
    "revenueEstimated": 23931675675,
    "updatedFromDate": "2026-01-28",
    "fiscalDateEnding": "2009-12-31"
  },
  {
    "date": "2009-11-09",
    "symbol": "JPM",
    "eps": 0.906,
    "epsEstimated": null,
    "time": "bmo",
    "revenue": 30145000000,
    "revenueEstimated": null,
    "updatedFromDate": "2026-01-28",
    "fiscalDateEnding": "2009-09-30"
  },
  {
    "date": "2009-10-14",
    "symbol": "JPM",
    "eps": 0.712,
    "epsEstimated": 0.52,
    "time": "bmo",
    "revenue": 25623000000,
    "revenueEstimated": 16882243902,
    "updatedFromDate": "2026-01-28",
    "fiscalDateEnding": "2009-06-30"
  },
  {
    "date": "2009-04-16",
    "symbol": "JPM",
    "eps": 0.57,
    "epsEstimated": 0.32,
    "time": "bmo",
    "revenue": 25025000000,
    "revenueEstimated": 20020000000,
    "updatedFromDate": "2026-01-28",
    "fiscalDateEnding": "2009-03-31"
  },
  {
    "date": "2009-03-02",
    "symbol": "JPM",
    "eps": 0.1878,
    "epsEstimated": null,
    "time": "bmo",
    "revenue": 25025000000,
    "revenueEstimated": null,
    "updatedFromDate": "2026-01-28",
    "fiscalDateEnding": "2008-12-31"
  },
  {
    "date": "2008-11-06",
    "symbol": "JPM",
    "eps": 0.15,
    "epsEstimated": null,
    "time": "bmo",
    "revenue": 23069000000,
    "revenueEstimated": null,
    "updatedFromDate": "2026-01-28",
    "fiscalDateEnding": "2008-09-30"
  },
  {
    "date": "2008-10-15",
    "symbol": "JPM",
    "eps": 0.58,
    "epsEstimated": -0.21,
    "time": "bmo",
    "revenue": 26634000000,
    "revenueEstimated": 28134272727,
    "updatedFromDate": "2026-01-28",
    "fiscalDateEnding": "2008-06-30"
  },
  {
    "date": "2008-07-17",
    "symbol": "JPM",
    "eps": 0.679,
    "epsEstimated": 0.44,
    "time": "bmo",
    "revenue": 16890000000,
    "revenueEstimated": 14991777777,
    "updatedFromDate": "2026-01-28",
    "fiscalDateEnding": "2008-03-31"
  },
  {
    "date": "2008-04-16",
    "symbol": "JPM",
    "eps": 0.875,
    "epsEstimated": 0.64,
    "time": "bmo",
    "revenue": 17384000000,
    "revenueEstimated": 15896470588,
    "updatedFromDate": "2026-01-28",
    "fiscalDateEnding": "2007-12-31"
  },
  {
    "date": "2007-11-09",
    "symbol": "JPM",
    "eps": 0.97,
    "epsEstimated": null,
    "time": "bmo",
    "revenue": 28005000000,
    "revenueEstimated": null,
    "updatedFromDate": "2026-01-28",
    "fiscalDateEnding": "2007-09-30"
  },
  {
    "date": "2007-08-08",
    "symbol": "JPM",
    "eps": 1.2,
    "epsEstimated": null,
    "time": "bmo",
    "revenue": 30082000000,
    "revenueEstimated": null,
    "updatedFromDate": "2026-01-28",
    "fiscalDateEnding": "2007-06-30"
  },
  {
    "date": "2007-05-10",
    "symbol": "JPM",
    "eps": 1.34,
    "epsEstimated": null,
    "time": "bmo",
    "revenue": 29486000000,
    "revenueEstimated": null,
    "updatedFromDate": "2026-01-28",
    "fiscalDateEnding": "2007-03-31"
  },
  {
    "date": "2007-04-18",
    "symbol": "JPM",
    "eps": 1.31,
    "epsEstimated": 1.02,
    "time": "bmo",
    "revenue": 16054000000,
    "revenueEstimated": 14438328358,
    "updatedFromDate": "2026-01-28",
    "fiscalDateEnding": "2006-12-31"
  },
  {
    "date": "2006-10-18",
    "symbol": "JPM",
    "eps": 0.922,
    "epsEstimated": 0.86,
    "time": "bmo",
    "revenue": 15545000000,
    "revenueEstimated": 14531195652,
    "updatedFromDate": "2026-01-28",
    "fiscalDateEnding": "2006-09-30"
  },
  {
    "date": "2006-07-19",
    "symbol": "JPM",
    "eps": 0.991,
    "epsEstimated": 0.87,
    "time": "bmo",
    "revenue": 14940000000,
    "revenueEstimated": 13257393939,
    "updatedFromDate": "2026-01-28",
    "fiscalDateEnding": "2006-06-30"
  },
  {
    "date": "2006-04-19",
    "symbol": "JPM",
    "eps": 0.863,
    "epsEstimated": 0.84,
    "time": "bmo",
    "revenue": 15236000000,
    "revenueEstimated": 14822093023,
    "updatedFromDate": "2026-01-28",
    "fiscalDateEnding": "2006-03-31"
  },
  {
    "date": "2006-03-09",
    "symbol": "JPM",
    "eps": 0.777,
    "epsEstimated": null,
    "time": "bmo",
    "revenue": 21109000000,
    "revenueEstimated": null,
    "updatedFromDate": "2026-01-28",
    "fiscalDateEnding": "2005-12-31"
  },
  {
    "date": "2005-10-19",
    "symbol": "JPM",
    "eps": 0.712,
    "epsEstimated": 0.72,
    "time": "bmo",
    "revenue": 14265000000,
    "revenueEstimated": 13694400000,
    "updatedFromDate": "2026-01-28",
    "fiscalDateEnding": "2005-09-30"
  },
  {
    "date": "2005-07-20",
    "symbol": "JPM",
    "eps": 0.2801,
    "epsEstimated": 0.64,
    "time": "bmo",
    "revenue": 12548000000,
    "revenueEstimated": 12167757575,
    "updatedFromDate": "2026-01-28",
    "fiscalDateEnding": "2005-06-30"
  },
  {
    "date": "2005-04-20",
    "symbol": "JPM",
    "eps": 0.634,
    "epsEstimated": 0.69,
    "time": "bmo",
    "revenue": 13647000000,
    "revenueEstimated": 11459962962,
    "updatedFromDate": "2026-01-28",
    "fiscalDateEnding": "2005-03-31"
  },
  {
    "date": "2005-03-02",
    "symbol": "JPM",
    "eps": 0.4736,
    "epsEstimated": null,
    "time": "bmo",
    "revenue": 17483000000,
    "revenueEstimated": null,
    "updatedFromDate": "2026-01-28",
    "fiscalDateEnding": "2004-12-31"
  },
  {
    "date": "2004-10-20",
    "symbol": "JPM",
    "eps": 0.3948,
    "epsEstimated": 0.74,
    "time": "bmo",
    "revenue": 16546000000,
    "revenueEstimated": 15422833333,
    "updatedFromDate": "2026-01-28",
    "fiscalDateEnding": "2004-09-30"
  },
  {
    "date": "2004-07-21",
    "symbol": "JPM",
    "eps": -0.26823,
    "epsEstimated": 0.83,
    "time": "bmo",
    "revenue": 8631000000,
    "revenueEstimated": 8427917647,
    "updatedFromDate": "2026-01-28",
    "fiscalDateEnding": "2004-06-30"
  },
  {
    "date": "2004-04-21",
    "symbol": "JPM",
    "eps": 0.922,
    "epsEstimated": 0.87,
    "time": "bmo",
    "revenue": 8977000000,
    "revenueEstimated": 8521271739,
    "updatedFromDate": "2026-01-28",
    "fiscalDateEnding": "2004-03-31"
  },
  {
    "date": "2004-02-18",
    "symbol": "JPM",
    "eps": 0.917,
    "epsEstimated": null,
    "time": "bmo",
    "revenue": 10671000000,
    "revenueEstimated": null,
    "updatedFromDate": "2026-01-28",
    "fiscalDateEnding": "2003-12-31"
  },
  {
    "date": "2003-10-22",
    "symbol": "JPM",
    "eps": 0.787,
    "epsEstimated": 0.76,
    "time": "bmo",
    "revenue": 7748000000,
    "revenueEstimated": 7573692307,
    "updatedFromDate": "2026-01-28",
    "fiscalDateEnding": "2003-09-30"
  },
  {
    "date": "2003-08-12",
    "symbol": "JPM",
    "eps": 0.891,
    "epsEstimated": null,
    "time": "bmo",
    "revenue": 11842000000,
    "revenueEstimated": null,
    "updatedFromDate": "2026-01-28",
    "fiscalDateEnding": "2003-06-30"
  },
  {
    "date": "2003-07-16",
    "symbol": "JPM",
    "eps": 0.692,
    "epsEstimated": 0.63,
    "time": "bmo",
    "revenue": 8406000000,
    "revenueEstimated": 6440865168,
    "updatedFromDate": "2026-01-28",
    "fiscalDateEnding": "2003-03-31"
  },
  {
    "date": "2003-04-16",
    "symbol": "JPM",
    "eps": -0.1935,
    "epsEstimated": 0.51,
    "time": "bmo",
    "revenue": 7495000000,
    "revenueEstimated": 6213130434,
    "updatedFromDate": "2026-01-28",
    "fiscalDateEnding": "2002-12-31"
  },
  {
    "date": "2002-11-14",
    "symbol": "JPM",
    "eps": 0.01994,
    "epsEstimated": null,
    "time": "bmo",
    "revenue": 10527000000,
    "revenueEstimated": null,
    "updatedFromDate": "2026-01-28",
    "fiscalDateEnding": "2002-09-30"
  },
  {
    "date": "2002-10-16",
    "symbol": "JPM",
    "eps": 0.51,
    "epsEstimated": 0.07,
    "time": "bmo",
    "revenue": 7574000000,
    "revenueEstimated": 4912521428,
    "updatedFromDate": "2026-01-28",
    "fiscalDateEnding": "2002-06-30"
  },
  {
    "date": "2002-07-17",
    "symbol": "JPM",
    "eps": 0.4896,
    "epsEstimated": 0.65,
    "time": "bmo",
    "revenue": 7598000000,
    "revenueEstimated": 8488103448,
    "updatedFromDate": "2026-01-28",
    "fiscalDateEnding": "2002-03-31"
  },
  {
    "date": "2002-04-17",
    "symbol": "JPM",
    "eps": -0.16783,
    "epsEstimated": 0.53,
    "time": "bmo",
    "revenue": 6577000000,
    "revenueEstimated": 7064807017,
    "updatedFromDate": "2026-01-28",
    "fiscalDateEnding": "2001-12-31"
  },
  {
    "date": "2002-01-16",
    "symbol": "JPM",
    "eps": 0.2222,
    "epsEstimated": 0.34,
    "time": "bmo",
    "revenue": 12399000000,
    "revenueEstimated": 9749435294,
    "updatedFromDate": "2026-01-28",
    "fiscalDateEnding": "2001-09-30"
  },
  {
    "date": "2001-10-17",
    "symbol": "JPM",
    "eps": 0.1859,
    "epsEstimated": 0.5,
    "time": "bmo",
    "revenue": 6871000000,
    "revenueEstimated": 7275490196,
    "updatedFromDate": "2026-01-28",
    "fiscalDateEnding": "2001-06-30"
  },
  {
    "date": "2001-07-18",
    "symbol": "JPM",
    "eps": 0.59,
    "epsEstimated": 0.65,
    "time": "bmo",
    "revenue": 8325000000,
    "revenueEstimated": 7057578125,
    "updatedFromDate": "2026-01-28",
    "fiscalDateEnding": "2001-03-31"
  },
  {
    "date": "2001-04-18",
    "symbol": "JPM",
    "eps": 1.22,
    "epsEstimated": 0.67,
    "time": "bmo",
    "revenue": 16193000000,
    "revenueEstimated": 7968214285,
    "updatedFromDate": "2026-01-28",
    "fiscalDateEnding": "2000-12-31"
  },
  {
    "date": "2000-11-14",
    "symbol": "JPM",
    "eps": 1.07,
    "epsEstimated": null,
    "time": "bmo",
    "revenue": 14803000000,
    "revenueEstimated": null,
    "updatedFromDate": "2026-01-28",
    "fiscalDateEnding": "2000-09-30"
  },
  {
    "date": "2000-10-18",
    "symbol": "JPM",
    "eps": 0.842,
    "epsEstimated": 0.94,
    "time": "bmo",
    "revenue": 7899000000,
    "revenueEstimated": 7049999999,
    "updatedFromDate": "2026-01-28",
    "fiscalDateEnding": "2000-06-30"
  },
  {
    "date": "2000-07-19",
    "symbol": "JPM",
    "eps": 1.61,
    "epsEstimated": 0.85,
    "time": "bmo",
    "revenue": 8769000000,
    "revenueEstimated": 4845894736,
    "updatedFromDate": "2026-01-28",
    "fiscalDateEnding": "2000-03-31"
  },
  {
    "date": "2000-04-19",
    "symbol": "JPM",
    "eps": 1.39,
    "epsEstimated": 1.02,
    "time": "bmo",
    "revenue": 6266000000,
    "revenueEstimated": 5701415094,
    "updatedFromDate": "2026-01-28",
    "fiscalDateEnding": "1999-12-31"
  },
  {
    "date": "1999-10-20",
    "symbol": "JPM",
    "eps": 0.932,
    "epsEstimated": 0.88,
    "time": "bmo",
    "revenue": 5191000000,
    "revenueEstimated": 5019868131,
    "updatedFromDate": "2026-01-28",
    "fiscalDateEnding": "1999-09-30"
  },
  {
    "date": "1999-08-16",
    "symbol": "JPM",
    "eps": 1.08,
    "epsEstimated": null,
    "time": "bmo",
    "revenue": 8344000000,
    "revenueEstimated": null,
    "updatedFromDate": "2026-01-28",
    "fiscalDateEnding": "1999-06-30"
  },
  {
    "date": "1999-07-21",
    "symbol": "JPM",
    "eps": 0.946,
    "epsEstimated": 0.9,
    "time": "bmo",
    "revenue": 7967000000,
    "revenueEstimated": 6729902912,
    "updatedFromDate": "2026-01-28",
    "fiscalDateEnding": "1999-03-31"
  },
  {
    "date": "1999-04-20",
    "symbol": "JPM",
    "eps": 0.906,
    "epsEstimated": 0.83,
    "time": "bmo",
    "revenue": 8347000000,
    "revenueEstimated": 6963791208,
    "updatedFromDate": "2026-01-28",
    "fiscalDateEnding": "1998-12-31"
  },
  {
    "date": "1999-01-19",
    "symbol": "JPM",
    "eps": 0.647,
    "epsEstimated": 0.79,
    "time": "bmo",
    "revenue": 4218000000,
    "revenueEstimated": 4552987341,
    "updatedFromDate": "2026-01-28",
    "fiscalDateEnding": "1998-09-30"
  },
  {
    "date": "1998-08-14",
    "symbol": "JPM",
    "eps": 0.818,
    "epsEstimated": null,
    "time": "bmo",
    "revenue": 8342000000,
    "revenueEstimated": null,
    "updatedFromDate": "2026-01-28",
    "fiscalDateEnding": "1998-06-30"
  },
  {
    "date": "1998-05-15",
    "symbol": "JPM",
    "eps": 0.556,
    "epsEstimated": null,
    "time": "bmo",
    "revenue": 8252000000,
    "revenueEstimated": null,
    "updatedFromDate": "2026-01-28",
    "fiscalDateEnding": "1998-03-31"
  },
  {
    "date": "1998-04-21",
    "symbol": "JPM",
    "eps": 0.696,
    "epsEstimated": 0.75,
    "time": "bmo",
    "revenue": 7808000000,
    "revenueEstimated": 6365384615,
    "updatedFromDate": "2026-01-28",
    "fiscalDateEnding": "1997-12-31"
  },
  {
    "date": "1997-11-14",
    "symbol": "JPM",
    "eps": 0.751,
    "epsEstimated": null,
    "time": "bmo",
    "revenue": 7864000000,
    "revenueEstimated": null,
    "updatedFromDate": "2026-01-28",
    "fiscalDateEnding": "1997-09-30"
  },
  {
    "date": "1997-08-14",
    "symbol": "JPM",
    "eps": 0.709,
    "epsEstimated": null,
    "time": "bmo",
    "revenue": 7504000000,
    "revenueEstimated": null,
    "updatedFromDate": "2026-01-28",
    "fiscalDateEnding": "1997-06-30"
  },
  {
    "date": "1997-07-15",
    "symbol": "JPM",
    "eps": 0.702,
    "epsEstimated": 0.69,
    "time": "bmo",
    "revenue": 7224000000,
    "revenueEstimated": 5859085714,
    "updatedFromDate": "2026-01-28",
    "fiscalDateEnding": "1997-03-31"
  },
  {
    "date": "1997-04-15",
    "symbol": "JPM",
    "eps": 0.642,
    "epsEstimated": 0.66,
    "time": "bmo",
    "revenue": 6995000000,
    "revenueEstimated": 5893701492,
    "updatedFromDate": "2026-01-28",
    "fiscalDateEnding": "1996-12-31"
  },
  {
    "date": "1996-11-14",
    "symbol": "JPM",
    "eps": 0.676,
    "epsEstimated": null,
    "time": "bmo",
    "revenue": 6774000000,
    "revenueEstimated": null,
    "updatedFromDate": "2026-01-28",
    "fiscalDateEnding": "1996-09-30"
  },
  {
    "date": "1996-08-14",
    "symbol": "JPM",
    "eps": 0.641,
    "epsEstimated": null,
    "time": "bmo",
    "revenue": 6720000000,
    "revenueEstimated": null,
    "updatedFromDate": "2026-01-28",
    "fiscalDateEnding": "1996-06-30"
  },
  {
    "date": "1996-05-15",
    "symbol": "JPM",
    "eps": -0.11842,
    "epsEstimated": null,
    "time": "bmo",
    "revenue": 6932000000,
    "revenueEstimated": null,
    "updatedFromDate": "2026-01-28",
    "fiscalDateEnding": "1996-03-31"
  },
  {
    "date": "1996-03-20",
    "symbol": "JPM",
    "eps": 0.606,
    "epsEstimated": null,
    "time": "bmo",
    "revenue": 3810000000,
    "revenueEstimated": null,
    "updatedFromDate": "2026-01-28",
    "fiscalDateEnding": "1995-12-31"
  },
  {
    "date": "1995-11-14",
    "symbol": "JPM",
    "eps": 0.57,
    "epsEstimated": null,
    "time": "bmo",
    "revenue": 3810000000,
    "revenueEstimated": null,
    "updatedFromDate": "2026-01-28",
    "fiscalDateEnding": "1995-09-30"
  },
  {
    "date": "1995-08-14",
    "symbol": "JPM",
    "eps": 0.56,
    "epsEstimated": null,
    "time": "bmo",
    "revenue": 3728000000,
    "revenueEstimated": null,
    "updatedFromDate": "2026-01-28",
    "fiscalDateEnding": "1995-06-30"
  },
  {
    "date": "1995-05-15",
    "symbol": "JPM",
    "eps": 0.49,
    "epsEstimated": null,
    "time": "bmo",
    "revenue": 3536000000,
    "revenueEstimated": null,
    "updatedFromDate": "2026-01-28",
    "fiscalDateEnding": "1995-03-31"
  },
  {
    "date": "1995-03-27",
    "symbol": "JPM",
    "eps": 0.2278,
    "epsEstimated": null,
    "time": "bmo",
    "revenue": 3281000000,
    "revenueEstimated": null,
    "updatedFromDate": "2026-01-28",
    "fiscalDateEnding": "1994-12-31"
  },
  {
    "date": "1994-11-14",
    "symbol": "JPM",
    "eps": 0.57,
    "epsEstimated": null,
    "time": "bmo",
    "revenue": 3297000000,
    "revenueEstimated": null,
    "updatedFromDate": "2026-01-28",
    "fiscalDateEnding": "1994-09-30"
  },
  {
    "date": "1994-08-15",
    "symbol": "JPM",
    "eps": 0.4738,
    "epsEstimated": null,
    "time": "bmo",
    "revenue": 3086000000,
    "revenueEstimated": null,
    "updatedFromDate": "2026-01-28",
    "fiscalDateEnding": "1994-06-30"
  },
  {
    "date": "1994-05-16",
    "symbol": "JPM",
    "eps": 0.4224,
    "epsEstimated": null,
    "time": "bmo",
    "revenue": 3021000000,
    "revenueEstimated": null,
    "updatedFromDate": "2026-01-28",
    "fiscalDateEnding": "1994-03-31"
  },
  {
    "date": "1994-03-25",
    "symbol": "JPM",
    "eps": 0.4562,
    "epsEstimated": null,
    "time": "bmo",
    "revenue": 3127000000,
    "revenueEstimated": null,
    "updatedFromDate": "2026-01-28",
    "fiscalDateEnding": "1993-12-31"
  },
  {
    "date": "1993-09-30",
    "symbol": "JPM",
    "eps": 0.66,
    "epsEstimated": null,
    "time": "bmo",
    "revenue": 3077000000,
    "revenueEstimated": null,
    "updatedFromDate": "2026-01-28",
    "fiscalDateEnding": "1993-09-30"
  },
  {
    "date": "1993-06-30",
    "symbol": "JPM",
    "eps": 0.503,
    "epsEstimated": null,
    "time": "bmo",
    "revenue": 3174000000,
    "revenueEstimated": null,
    "updatedFromDate": "2026-01-28",
    "fiscalDateEnding": "1993-06-30"
  },
  {
    "date": "1993-03-31",
    "symbol": "JPM",
    "eps": 0.514,
    "epsEstimated": null,
    "time": "bmo",
    "revenue": 3049000000,
    "revenueEstimated": null,
    "updatedFromDate": "2026-01-28",
    "fiscalDateEnding": "1993-03-31"
  },
  {
    "date": "1992-12-31",
    "symbol": "JPM",
    "eps": 0.4045,
    "epsEstimated": null,
    "time": "bmo",
    "revenue": 2876000000,
    "revenueEstimated": null,
    "updatedFromDate": "2026-01-28",
    "fiscalDateEnding": "1992-12-31"
  },
  {
    "date": "1992-09-30",
    "symbol": "JPM",
    "eps": 0.3752,
    "epsEstimated": null,
    "time": "bmo",
    "revenue": 3031000000,
    "revenueEstimated": null,
    "updatedFromDate": "2026-01-28",
    "fiscalDateEnding": "1992-09-30"
  },
  {
    "date": "1992-06-30",
    "symbol": "JPM",
    "eps": 0.3429,
    "epsEstimated": null,
    "time": "bmo",
    "revenue": 3036000000,
    "revenueEstimated": null,
    "updatedFromDate": "2026-01-28",
    "fiscalDateEnding": "1992-06-30"
  },
  {
    "date": "1992-03-31",
    "symbol": "JPM",
    "eps": 0.3796,
    "epsEstimated": null,
    "time": "bmo",
    "revenue": 3231000000,
    "revenueEstimated": null,
    "updatedFromDate": "2026-01-28",
    "fiscalDateEnding": "1992-03-31"
  },
  {
    "date": "1991-12-31",
    "symbol": "JPM",
    "eps": -0.58267,
    "epsEstimated": null,
    "time": "bmo",
    "revenue": 8824800000,
    "revenueEstimated": null,
    "updatedFromDate": "2026-01-28",
    "fiscalDateEnding": "1991-12-31"
  },
  {
    "date": "1991-09-30",
    "symbol": "JPM",
    "eps": 0.4835,
    "epsEstimated": null,
    "time": "bmo",
    "revenue": 1787800000,
    "revenueEstimated": null,
    "updatedFromDate": "2026-01-28",
    "fiscalDateEnding": "1991-09-30"
  },
  {
    "date": "1991-06-30",
    "symbol": "JPM",
    "eps": 0.3384,
    "epsEstimated": null,
    "time": "bmo",
    "revenue": 1734500000,
    "revenueEstimated": null,
    "updatedFromDate": "2026-01-28",
    "fiscalDateEnding": "1991-06-30"
  },
  {
    "date": "1991-03-31",
    "symbol": "JPM",
    "eps": 0.3199,
    "epsEstimated": null,
    "time": "bmo",
    "revenue": 1780900000,
    "revenueEstimated": null,
    "updatedFromDate": "2026-01-28",
    "fiscalDateEnding": "1991-03-31"
  },
  {
    "date": "1990-12-31",
    "symbol": "JPM",
    "eps": 0.2571,
    "epsEstimated": null,
    "time": "bmo",
    "revenue": 1954900000,
    "revenueEstimated": null,
    "updatedFromDate": "2026-01-28",
    "fiscalDateEnding": "1990-12-31"
  },
  {
    "date": "1990-09-30",
    "symbol": "JPM",
    "eps": -0.1603,
    "epsEstimated": null,
    "time": "bmo",
    "revenue": 1983600000,
    "revenueEstimated": null,
    "updatedFromDate": "2026-01-28",
    "fiscalDateEnding": "1990-09-30"
  },
  {
    "date": "1990-06-30",
    "symbol": "JPM",
    "eps": 0.413,
    "epsEstimated": null,
    "time": "bmo",
    "revenue": 1946000000,
    "revenueEstimated": null,
    "updatedFromDate": "2026-01-28",
    "fiscalDateEnding": "1990-06-30"
  },
  {
    "date": "1990-03-31",
    "symbol": "JPM",
    "eps": 0.4095,
    "epsEstimated": null,
    "time": "bmo",
    "revenue": 2082000000,
    "revenueEstimated": null,
    "updatedFromDate": "2026-01-28",
    "fiscalDateEnding": "1990-03-31"
  },
  {
    "date": "1989-12-31",
    "symbol": "JPM",
    "eps": 0.2777,
    "epsEstimated": null,
    "time": "bmo",
    "revenue": null,
    "revenueEstimated": null,
    "updatedFromDate": "2026-01-28",
    "fiscalDateEnding": "1989-12-31"
  },
  {
    "date": "1989-09-30",
    "symbol": "JPM",
    "eps": -2.58215,
    "epsEstimated": null,
    "time": "bmo",
    "revenue": null,
    "revenueEstimated": null,
    "updatedFromDate": "2026-01-28",
    "fiscalDateEnding": "1989-09-30"
  },
  {
    "date": "1989-06-30",
    "symbol": "JPM",
    "eps": 0.4027,
    "epsEstimated": null,
    "time": "bmo",
    "revenue": null,
    "revenueEstimated": null,
    "updatedFromDate": "2026-01-28",
    "fiscalDateEnding": "1989-06-30"
  },
  {
    "date": "1989-03-31",
    "symbol": "JPM",
    "eps": 0.3692,
    "epsEstimated": null,
    "time": "bmo",
    "revenue": null,
    "revenueEstimated": null,
    "updatedFromDate": "2026-01-28",
    "fiscalDateEnding": "1989-03-31"
  },
  {
    "date": "1988-12-31",
    "symbol": "JPM",
    "eps": 0.984,
    "epsEstimated": null,
    "time": "bmo",
    "revenue": null,
    "revenueEstimated": null,
    "updatedFromDate": "2026-01-28",
    "fiscalDateEnding": "1988-12-31"
  },
  {
    "date": "1988-09-30",
    "symbol": "JPM",
    "eps": 0.758,
    "epsEstimated": null,
    "time": "bmo",
    "revenue": null,
    "revenueEstimated": null,
    "updatedFromDate": "2026-01-28",
    "fiscalDateEnding": "1988-09-30"
  },
  {
    "date": "1988-06-30",
    "symbol": "JPM",
    "eps": 0.457,
    "epsEstimated": null,
    "time": "bmo",
    "revenue": null,
    "revenueEstimated": null,
    "updatedFromDate": "2026-01-28",
    "fiscalDateEnding": "1988-06-30"
  },
  {
    "date": "1988-03-31",
    "symbol": "JPM",
    "eps": 0.4491,
    "epsEstimated": null,
    "time": "bmo",
    "revenue": null,
    "revenueEstimated": null,
    "updatedFromDate": "2026-01-28",
    "fiscalDateEnding": "1988-03-31"
  },
  {
    "date": "1987-12-31",
    "symbol": "JPM",
    "eps": 0.865,
    "epsEstimated": null,
    "time": "bmo",
    "revenue": null,
    "revenueEstimated": null,
    "updatedFromDate": "2026-01-28",
    "fiscalDateEnding": "1987-12-31"
  },
  {
    "date": "1987-09-30",
    "symbol": "JPM",
    "eps": -0.40648,
    "epsEstimated": null,
    "time": "bmo",
    "revenue": null,
    "revenueEstimated": null,
    "updatedFromDate": "2026-01-28",
    "fiscalDateEnding": "1987-09-30"
  },
  {
    "date": "1987-06-30",
    "symbol": "JPM",
    "eps": -6.77701,
    "epsEstimated": null,
    "time": "bmo",
    "revenue": null,
    "revenueEstimated": null,
    "updatedFromDate": "2026-01-28",
    "fiscalDateEnding": "1987-06-30"
  },
  {
    "date": "1987-03-31",
    "symbol": "JPM",
    "eps": 0.565,
    "epsEstimated": null,
    "time": "bmo",
    "revenue": null,
    "revenueEstimated": null,
    "updatedFromDate": "2026-01-28",
    "fiscalDateEnding": "1987-03-31"
  },
  {
    "date": "1986-12-31",
    "symbol": "JPM",
    "eps": 0.682,
    "epsEstimated": null,
    "time": "bmo",
    "revenue": null,
    "revenueEstimated": null,
    "updatedFromDate": "2026-01-28",
    "fiscalDateEnding": "1986-12-31"
  },
  {
    "date": "1986-09-30",
    "symbol": "JPM",
    "eps": 0.667,
    "epsEstimated": null,
    "time": "bmo",
    "revenue": null,
    "revenueEstimated": null,
    "updatedFromDate": "2026-01-28",
    "fiscalDateEnding": "1986-09-30"
  },
  {
    "date": "1986-06-30",
    "symbol": "JPM",
    "eps": 0.661,
    "epsEstimated": null,
    "time": "bmo",
    "revenue": null,
    "revenueEstimated": null,
    "updatedFromDate": "2026-01-28",
    "fiscalDateEnding": "1986-06-30"
  },
  {
    "date": "1986-03-31",
    "symbol": "JPM",
    "eps": 0.694,
    "epsEstimated": null,
    "time": "bmo",
    "revenue": null,
    "revenueEstimated": null,
    "updatedFromDate": "2026-01-28",
    "fiscalDateEnding": "1986-03-31"
  },
  {
    "date": "1985-12-31",
    "symbol": "JPM",
    "eps": 0.665,
    "epsEstimated": null,
    "time": "bmo",
    "revenue": null,
    "revenueEstimated": null,
    "updatedFromDate": "2026-01-28",
    "fiscalDateEnding": "1985-12-31"
  },
  {
    "date": "1985-09-30",
    "symbol": "JPM",
    "eps": 0.656,
    "epsEstimated": null,
    "time": "bmo",
    "revenue": null,
    "revenueEstimated": null,
    "updatedFromDate": "2026-01-28",
    "fiscalDateEnding": "1985-09-30"
  }
]