[
  {
    "date": "2026-05-18",
    "symbol": "HD",
    "eps": null,
    "epsEstimated": null,
    "time": "bmo",
    "revenue": null,
    "revenueEstimated": null,
    "updatedFromDate": "2026-02-07",
    "fiscalDateEnding": "2026-05-02"
  },
  {
    "date": "2026-02-24",
    "symbol": "HD",
    "eps": null,
    "epsEstimated": 2.51,
    "time": "bmo",
    "revenue": null,
    "revenueEstimated": 38019044480,
    "updatedFromDate": "2026-02-07",
    "fiscalDateEnding": "2026-02-02"
  },
  {
    "date": "2025-11-18",
    "symbol": "HD",
    "eps": 3.74,
    "epsEstimated": 3.83,
    "time": "bmo",
    "revenue": 41352000000,
    "revenueEstimated": 41165993827,
    "updatedFromDate": "2026-02-07",
    "fiscalDateEnding": "2025-11-02"
  },
  {
    "date": "2025-08-19",
    "symbol": "HD",
    "eps": 4.68,
    "epsEstimated": 4.72,
    "time": "bmo",
    "revenue": 45277000000,
    "revenueEstimated": 45412387162,
    "updatedFromDate": "2025-11-19",
    "fiscalDateEnding": "2025-08-03"
  },
  {
    "date": "2025-05-20",
    "symbol": "HD",
    "eps": 3.56,
    "epsEstimated": 3.6,
    "time": "bmo",
    "revenue": 39856000000,
    "revenueEstimated": 39299370060,
    "updatedFromDate": "2025-08-20",
    "fiscalDateEnding": "2025-05-04"
  },
  {
    "date": "2025-02-25",
    "symbol": "HD",
    "eps": 3.13,
    "epsEstimated": 3.04,
    "time": "bmo",
    "revenue": 39704000000,
    "revenueEstimated": 39152578802,
    "updatedFromDate": "2025-05-25",
    "fiscalDateEnding": "2025-02-02"
  },
  {
    "date": "2024-11-12",
    "symbol": "HD",
    "eps": 3.67,
    "epsEstimated": 3.64,
    "time": "bmo",
    "revenue": 40217000000,
    "revenueEstimated": 39309485951,
    "updatedFromDate": "2025-04-25",
    "fiscalDateEnding": "2024-10-27"
  },
  {
    "date": "2024-08-13",
    "symbol": "HD",
    "eps": 4.6,
    "epsEstimated": 4.49,
    "time": "bmo",
    "revenue": 43175000000,
    "revenueEstimated": 42572443053,
    "updatedFromDate": "2025-04-25",
    "fiscalDateEnding": "2024-07-28"
  },
  {
    "date": "2024-05-14",
    "symbol": "HD",
    "eps": 3.63,
    "epsEstimated": 3.6,
    "time": "bmo",
    "revenue": 36418000000,
    "revenueEstimated": 36627412170,
    "updatedFromDate": "2025-04-25",
    "fiscalDateEnding": "2024-04-28"
  },
  {
    "date": "2024-02-20",
    "symbol": "HD",
    "eps": 2.82,
    "epsEstimated": 2.77,
    "time": "bmo",
    "revenue": 34786000000,
    "revenueEstimated": 34642562215,
    "updatedFromDate": "2025-04-25",
    "fiscalDateEnding": "2024-01-28"
  },
  {
    "date": "2023-11-14",
    "symbol": "HD",
    "eps": 3.81,
    "epsEstimated": 3.76,
    "time": "bmo",
    "revenue": 37710000000,
    "revenueEstimated": 35664900000,
    "updatedFromDate": "2025-04-25",
    "fiscalDateEnding": "2023-10-29"
  },
  {
    "date": "2023-08-15",
    "symbol": "HD",
    "eps": 4.65,
    "epsEstimated": 4.45,
    "time": "bmo",
    "revenue": 42916000000,
    "revenueEstimated": 42240400000,
    "updatedFromDate": "2025-04-25",
    "fiscalDateEnding": "2023-07-30"
  },
  {
    "date": "2023-05-16",
    "symbol": "HD",
    "eps": 3.82,
    "epsEstimated": 3.8,
    "time": "bmo",
    "revenue": 37257000000,
    "revenueEstimated": 38306300000,
    "updatedFromDate": "2025-04-25",
    "fiscalDateEnding": "2023-04-30"
  },
  {
    "date": "2023-02-21",
    "symbol": "HD",
    "eps": 3.3,
    "epsEstimated": 3.28,
    "time": "bmo",
    "revenue": 35831000000,
    "revenueEstimated": 35970714841,
    "updatedFromDate": "2025-04-25",
    "fiscalDateEnding": "2023-01-29"
  },
  {
    "date": "2022-11-15",
    "symbol": "HD",
    "eps": 4.24,
    "epsEstimated": 4.12,
    "time": "bmo",
    "revenue": 38872000000,
    "revenueEstimated": 37951058695,
    "updatedFromDate": "2025-04-25",
    "fiscalDateEnding": "2022-10-30"
  },
  {
    "date": "2022-08-16",
    "symbol": "HD",
    "eps": 5.05,
    "epsEstimated": 4.94,
    "time": "bmo",
    "revenue": 43792000000,
    "revenueEstimated": 43360332627,
    "updatedFromDate": "2025-04-25",
    "fiscalDateEnding": "2022-07-31"
  },
  {
    "date": "2022-05-17",
    "symbol": "HD",
    "eps": 4.09,
    "epsEstimated": 3.68,
    "time": "bmo",
    "revenue": 38908000000,
    "revenueEstimated": 36705264896,
    "updatedFromDate": "2025-04-25",
    "fiscalDateEnding": "2022-05-01"
  },
  {
    "date": "2022-02-22",
    "symbol": "HD",
    "eps": 3.21,
    "epsEstimated": 3.18,
    "time": "bmo",
    "revenue": 35719000000,
    "revenueEstimated": 34880448143,
    "updatedFromDate": "2025-04-25",
    "fiscalDateEnding": "2022-01-30"
  },
  {
    "date": "2021-11-16",
    "symbol": "HD",
    "eps": 3.92,
    "epsEstimated": 3.4,
    "time": "bmo",
    "revenue": 36820000000,
    "revenueEstimated": 34869500000,
    "updatedFromDate": "2025-04-25",
    "fiscalDateEnding": "2021-10-31"
  },
  {
    "date": "2021-08-17",
    "symbol": "HD",
    "eps": 4.53,
    "epsEstimated": 4.44,
    "time": "bmo",
    "revenue": 41118000000,
    "revenueEstimated": 34494700000,
    "updatedFromDate": "2025-04-25",
    "fiscalDateEnding": "2021-08-01"
  },
  {
    "date": "2021-05-18",
    "symbol": "HD",
    "eps": 3.86,
    "epsEstimated": 3.08,
    "time": "bmo",
    "revenue": 37500000000,
    "revenueEstimated": null,
    "updatedFromDate": "2025-04-25",
    "fiscalDateEnding": "2021-05-02"
  },
  {
    "date": "2021-02-23",
    "symbol": "HD",
    "eps": 2.65,
    "epsEstimated": 2.62,
    "time": "bmo",
    "revenue": 32261000000,
    "revenueEstimated": 31891599236,
    "updatedFromDate": "2025-04-25",
    "fiscalDateEnding": "2021-01-31"
  },
  {
    "date": "2020-11-17",
    "symbol": "HD",
    "eps": 3.18,
    "epsEstimated": 3.06,
    "time": "bmo",
    "revenue": 33536000000,
    "revenueEstimated": null,
    "updatedFromDate": "2025-04-25",
    "fiscalDateEnding": "2020-11-01"
  },
  {
    "date": "2020-08-18",
    "symbol": "HD",
    "eps": 4.02,
    "epsEstimated": 3.71,
    "time": "bmo",
    "revenue": 38053000000,
    "revenueEstimated": 35118564676,
    "updatedFromDate": "2025-04-25",
    "fiscalDateEnding": "2020-08-02"
  },
  {
    "date": "2020-05-19",
    "symbol": "HD",
    "eps": 2.08,
    "epsEstimated": 2.27,
    "time": "bmo",
    "revenue": 28260000000,
    "revenueEstimated": 30841442307,
    "updatedFromDate": "2025-04-25",
    "fiscalDateEnding": "2020-05-03"
  },
  {
    "date": "2020-02-25",
    "symbol": "HD",
    "eps": 2.28,
    "epsEstimated": 2.1,
    "time": "bmo",
    "revenue": 25782000000,
    "revenueEstimated": 23746578947,
    "updatedFromDate": "2025-04-25",
    "fiscalDateEnding": "2020-02-02"
  },
  {
    "date": "2019-11-19",
    "symbol": "HD",
    "eps": 2.53,
    "epsEstimated": 2.52,
    "time": "bmo",
    "revenue": 27223000000,
    "revenueEstimated": 27223000000,
    "updatedFromDate": "2025-04-25",
    "fiscalDateEnding": "2019-11-03"
  },
  {
    "date": "2019-08-20",
    "symbol": "HD",
    "eps": 3.17,
    "epsEstimated": 3.08,
    "time": "bmo",
    "revenue": 30839000000,
    "revenueEstimated": 29963444794,
    "updatedFromDate": "2025-04-25",
    "fiscalDateEnding": "2019-08-04"
  },
  {
    "date": "2019-05-21",
    "symbol": "HD",
    "eps": 2.27,
    "epsEstimated": 2.18,
    "time": "bmo",
    "revenue": 26381000000,
    "revenueEstimated": 25335057268,
    "updatedFromDate": "2025-04-25",
    "fiscalDateEnding": "2019-05-05"
  },
  {
    "date": "2019-02-26",
    "symbol": "HD",
    "eps": 2.25,
    "epsEstimated": 2.16,
    "time": "bmo",
    "revenue": 26491000000,
    "revenueEstimated": 25431360000,
    "updatedFromDate": "2025-04-25",
    "fiscalDateEnding": "2019-02-03"
  },
  {
    "date": "2018-11-13",
    "symbol": "HD",
    "eps": 2.51,
    "epsEstimated": 2.26,
    "time": "bmo",
    "revenue": 26302000000,
    "revenueEstimated": 23682278884,
    "updatedFromDate": "2025-04-25",
    "fiscalDateEnding": "2018-10-28"
  },
  {
    "date": "2018-08-14",
    "symbol": "HD",
    "eps": 3.05,
    "epsEstimated": 2.84,
    "time": "bmo",
    "revenue": 30463000000,
    "revenueEstimated": 28365547540,
    "updatedFromDate": "2025-04-25",
    "fiscalDateEnding": "2018-07-29"
  },
  {
    "date": "2018-05-15",
    "symbol": "HD",
    "eps": 2.08,
    "epsEstimated": 2.05,
    "time": "bmo",
    "revenue": 24947000000,
    "revenueEstimated": 24587187499,
    "updatedFromDate": "2025-04-25",
    "fiscalDateEnding": "2018-04-29"
  },
  {
    "date": "2018-02-20",
    "symbol": "HD",
    "eps": 1.69,
    "epsEstimated": 1.61,
    "time": "bmo",
    "revenue": 23883000000,
    "revenueEstimated": 22752443786,
    "updatedFromDate": "2025-04-25",
    "fiscalDateEnding": "2018-01-28"
  },
  {
    "date": "2017-11-14",
    "symbol": "HD",
    "eps": 1.87,
    "epsEstimated": 1.82,
    "time": "bmo",
    "revenue": 25026000000,
    "revenueEstimated": 24753978260,
    "updatedFromDate": "2025-04-25",
    "fiscalDateEnding": "2017-10-29"
  },
  {
    "date": "2017-08-15",
    "symbol": "HD",
    "eps": 2.25,
    "epsEstimated": 2.22,
    "time": "bmo",
    "revenue": 28108000000,
    "revenueEstimated": 27733226666,
    "updatedFromDate": "2025-04-25",
    "fiscalDateEnding": "2017-07-30"
  },
  {
    "date": "2017-05-16",
    "symbol": "HD",
    "eps": 1.67,
    "epsEstimated": 1.62,
    "time": "bmo",
    "revenue": 23887000000,
    "revenueEstimated": 23171820359,
    "updatedFromDate": "2025-04-25",
    "fiscalDateEnding": "2017-04-30"
  },
  {
    "date": "2017-02-21",
    "symbol": "HD",
    "eps": 1.44,
    "epsEstimated": 1.34,
    "time": "bmo",
    "revenue": 22207000000,
    "revenueEstimated": 20664847222,
    "updatedFromDate": "2025-04-25",
    "fiscalDateEnding": "2017-01-29"
  },
  {
    "date": "2016-11-15",
    "symbol": "HD",
    "eps": 1.6,
    "epsEstimated": 1.58,
    "time": "bmo",
    "revenue": 23154000000,
    "revenueEstimated": 22864575000,
    "updatedFromDate": "2025-04-25",
    "fiscalDateEnding": "2016-10-30"
  },
  {
    "date": "2016-08-16",
    "symbol": "HD",
    "eps": 1.97,
    "epsEstimated": 1.97,
    "time": "bmo",
    "revenue": 26472000000,
    "revenueEstimated": 26472000000,
    "updatedFromDate": "2025-04-25",
    "fiscalDateEnding": "2016-07-31"
  },
  {
    "date": "2016-05-17",
    "symbol": "HD",
    "eps": 1.44,
    "epsEstimated": 1.36,
    "time": "bmo",
    "revenue": 22762000000,
    "revenueEstimated": 21497444444,
    "updatedFromDate": "2025-04-25",
    "fiscalDateEnding": "2016-05-01"
  },
  {
    "date": "2016-02-23",
    "symbol": "HD",
    "eps": 1.17,
    "epsEstimated": 1.1,
    "time": "bmo",
    "revenue": 20980000000,
    "revenueEstimated": 19724786324,
    "updatedFromDate": "2025-04-25",
    "fiscalDateEnding": "2016-01-31"
  },
  {
    "date": "2015-11-17",
    "symbol": "HD",
    "eps": 1.36,
    "epsEstimated": 1.32,
    "time": "bmo",
    "revenue": 21819000000,
    "revenueEstimated": 21177264705,
    "updatedFromDate": "2025-04-25",
    "fiscalDateEnding": "2015-11-01"
  },
  {
    "date": "2015-08-18",
    "symbol": "HD",
    "eps": 1.71,
    "epsEstimated": 1.71,
    "time": "bmo",
    "revenue": 24829000000,
    "revenueEstimated": 24829000000,
    "updatedFromDate": "2025-04-25",
    "fiscalDateEnding": "2015-08-02"
  },
  {
    "date": "2015-05-19",
    "symbol": "HD",
    "eps": 1.16,
    "epsEstimated": 1.15,
    "time": "bmo",
    "revenue": 20891000000,
    "revenueEstimated": 20710905172,
    "updatedFromDate": "2025-04-25",
    "fiscalDateEnding": "2015-05-03"
  },
  {
    "date": "2015-02-24",
    "symbol": "HD",
    "eps": 1,
    "epsEstimated": 0.89,
    "time": "bmo",
    "revenue": 19162000000,
    "revenueEstimated": 17054180000,
    "updatedFromDate": "2025-04-25",
    "fiscalDateEnding": "2015-02-01"
  },
  {
    "date": "2014-11-18",
    "symbol": "HD",
    "eps": 1.11,
    "epsEstimated": 1.13,
    "time": "bmo",
    "revenue": 20516000000,
    "revenueEstimated": 20885657657,
    "updatedFromDate": "2025-04-25",
    "fiscalDateEnding": "2014-11-02"
  },
  {
    "date": "2014-08-19",
    "symbol": "HD",
    "eps": 1.52,
    "epsEstimated": 1.45,
    "time": "bmo",
    "revenue": 23811000000,
    "revenueEstimated": 22714440789,
    "updatedFromDate": "2025-04-25",
    "fiscalDateEnding": "2014-08-03"
  },
  {
    "date": "2014-05-20",
    "symbol": "HD",
    "eps": 0.96,
    "epsEstimated": 0.99,
    "time": "bmo",
    "revenue": 19687000000,
    "revenueEstimated": 20302218750,
    "updatedFromDate": "2025-04-25",
    "fiscalDateEnding": "2014-05-04"
  },
  {
    "date": "2014-02-25",
    "symbol": "HD",
    "eps": 0.73,
    "epsEstimated": 0.71,
    "time": "bmo",
    "revenue": 17696000000,
    "revenueEstimated": 17211178082,
    "updatedFromDate": "2025-04-25",
    "fiscalDateEnding": "2014-02-02"
  },
  {
    "date": "2013-11-19",
    "symbol": "HD",
    "eps": 0.95,
    "epsEstimated": 0.9,
    "time": "bmo",
    "revenue": 19470000000,
    "revenueEstimated": 18445263157,
    "updatedFromDate": "2025-04-25",
    "fiscalDateEnding": "2013-11-03"
  },
  {
    "date": "2013-08-20",
    "symbol": "HD",
    "eps": 1.24,
    "epsEstimated": 1.21,
    "time": "bmo",
    "revenue": 22522000000,
    "revenueEstimated": 21977112903,
    "updatedFromDate": "2025-04-25",
    "fiscalDateEnding": "2013-08-04"
  },
  {
    "date": "2013-05-21",
    "symbol": "HD",
    "eps": 0.83,
    "epsEstimated": 0.77,
    "time": "bmo",
    "revenue": 19124000000,
    "revenueEstimated": 17741542168,
    "updatedFromDate": "2025-04-25",
    "fiscalDateEnding": "2013-05-05"
  },
  {
    "date": "2013-02-26",
    "symbol": "HD",
    "eps": 0.67,
    "epsEstimated": 0.64,
    "time": "bmo",
    "revenue": 18246000000,
    "revenueEstimated": 17429014925,
    "updatedFromDate": "2025-04-25",
    "fiscalDateEnding": "2013-02-03"
  },
  {
    "date": "2012-11-13",
    "symbol": "HD",
    "eps": 0.74,
    "epsEstimated": 0.7,
    "time": "bmo",
    "revenue": 18130000000,
    "revenueEstimated": 17150000000,
    "updatedFromDate": "2025-04-25",
    "fiscalDateEnding": "2012-10-28"
  },
  {
    "date": "2012-08-14",
    "symbol": "HD",
    "eps": 1.01,
    "epsEstimated": 0.97,
    "time": "bmo",
    "revenue": 20570000000,
    "revenueEstimated": 19755346534,
    "updatedFromDate": "2025-04-25",
    "fiscalDateEnding": "2012-07-29"
  },
  {
    "date": "2012-05-15",
    "symbol": "HD",
    "eps": 0.65,
    "epsEstimated": 0.65,
    "time": "bmo",
    "revenue": 17808000000,
    "revenueEstimated": 17808000000,
    "updatedFromDate": "2025-04-25",
    "fiscalDateEnding": "2012-04-29"
  },
  {
    "date": "2012-02-21",
    "symbol": "HD",
    "eps": 0.5,
    "epsEstimated": 0.42,
    "time": "bmo",
    "revenue": 16014000000,
    "revenueEstimated": 13451760000,
    "updatedFromDate": "2025-04-25",
    "fiscalDateEnding": "2012-01-29"
  },
  {
    "date": "2011-11-15",
    "symbol": "HD",
    "eps": 0.6,
    "epsEstimated": 0.58,
    "time": "bmo",
    "revenue": 17326000000,
    "revenueEstimated": 16748466666,
    "updatedFromDate": "2025-04-25",
    "fiscalDateEnding": "2011-10-30"
  },
  {
    "date": "2011-08-16",
    "symbol": "HD",
    "eps": 0.86,
    "epsEstimated": 0.83,
    "time": "bmo",
    "revenue": 20232000000,
    "revenueEstimated": 19526232558,
    "updatedFromDate": "2025-04-25",
    "fiscalDateEnding": "2011-07-31"
  },
  {
    "date": "2011-05-17",
    "symbol": "HD",
    "eps": 0.5,
    "epsEstimated": 0.49,
    "time": "bmo",
    "revenue": 16823000000,
    "revenueEstimated": 16486540000,
    "updatedFromDate": "2025-04-25",
    "fiscalDateEnding": "2011-05-01"
  },
  {
    "date": "2011-02-22",
    "symbol": "HD",
    "eps": 0.36,
    "epsEstimated": 0.31,
    "time": "bmo",
    "revenue": 15126000000,
    "revenueEstimated": 13025166666,
    "updatedFromDate": "2025-04-25",
    "fiscalDateEnding": "2011-01-30"
  },
  {
    "date": "2010-11-16",
    "symbol": "HD",
    "eps": 0.51,
    "epsEstimated": 0.48,
    "time": "bmo",
    "revenue": 16598000000,
    "revenueEstimated": 15621647058,
    "updatedFromDate": "2025-04-25",
    "fiscalDateEnding": "2010-10-31"
  },
  {
    "date": "2010-08-17",
    "symbol": "HD",
    "eps": 0.72,
    "epsEstimated": 0.71,
    "time": "bmo",
    "revenue": 19410000000,
    "revenueEstimated": 19140416666,
    "updatedFromDate": "2025-04-25",
    "fiscalDateEnding": "2010-08-01"
  },
  {
    "date": "2010-05-18",
    "symbol": "HD",
    "eps": 0.45,
    "epsEstimated": 0.4,
    "time": "bmo",
    "revenue": 16863000000,
    "revenueEstimated": 14989333333,
    "updatedFromDate": "2025-04-25",
    "fiscalDateEnding": "2010-05-02"
  },
  {
    "date": "2010-02-23",
    "symbol": "HD",
    "eps": 0.24,
    "epsEstimated": 0.17,
    "time": "bmo",
    "revenue": 14569000000,
    "revenueEstimated": 10319708333,
    "updatedFromDate": "2025-04-25",
    "fiscalDateEnding": "2010-01-31"
  },
  {
    "date": "2009-11-17",
    "symbol": "HD",
    "eps": 0.41,
    "epsEstimated": 0.36,
    "time": "bmo",
    "revenue": 16361000000,
    "revenueEstimated": 14365756097,
    "updatedFromDate": "2025-04-25",
    "fiscalDateEnding": "2009-11-01"
  },
  {
    "date": "2009-08-18",
    "symbol": "HD",
    "eps": 0.64,
    "epsEstimated": 0.59,
    "time": "bmo",
    "revenue": 19071000000,
    "revenueEstimated": 17581078124,
    "updatedFromDate": "2025-04-25",
    "fiscalDateEnding": "2009-08-02"
  },
  {
    "date": "2009-05-19",
    "symbol": "HD",
    "eps": 0.35,
    "epsEstimated": 0.29,
    "time": "bmo",
    "revenue": 16175000000,
    "revenueEstimated": 13402142857,
    "updatedFromDate": "2025-04-25",
    "fiscalDateEnding": "2009-05-03"
  },
  {
    "date": "2009-02-24",
    "symbol": "HD",
    "eps": 0.19,
    "epsEstimated": 0.15,
    "time": "bmo",
    "revenue": 14607000000,
    "revenueEstimated": null,
    "updatedFromDate": "2025-04-25",
    "fiscalDateEnding": "2009-02-01"
  },
  {
    "date": "2008-11-18",
    "symbol": "HD",
    "eps": 0.45,
    "epsEstimated": 0.38,
    "time": "bmo",
    "revenue": 17784000000,
    "revenueEstimated": 15017600000,
    "updatedFromDate": "2025-04-25",
    "fiscalDateEnding": "2008-11-02"
  },
  {
    "date": "2008-08-19",
    "symbol": "HD",
    "eps": 0.71,
    "epsEstimated": 0.61,
    "time": "bmo",
    "revenue": 20990000000,
    "revenueEstimated": 18033661971,
    "updatedFromDate": "2025-04-25",
    "fiscalDateEnding": "2008-08-03"
  },
  {
    "date": "2008-05-20",
    "symbol": "HD",
    "eps": 0.41,
    "epsEstimated": 0.37,
    "time": "bmo",
    "revenue": 17907000000,
    "revenueEstimated": 16159975609,
    "updatedFromDate": "2025-04-25",
    "fiscalDateEnding": "2008-05-04"
  },
  {
    "date": "2008-02-26",
    "symbol": "HD",
    "eps": 0.4,
    "epsEstimated": 0.43,
    "time": "bmo",
    "revenue": 17659000000,
    "revenueEstimated": null,
    "updatedFromDate": "2025-04-25",
    "fiscalDateEnding": "2008-02-03"
  },
  {
    "date": "2007-11-13",
    "symbol": "HD",
    "eps": 0.59,
    "epsEstimated": 0.6,
    "time": "bmo",
    "revenue": 18961000000,
    "revenueEstimated": 19282372881,
    "updatedFromDate": "2025-04-25",
    "fiscalDateEnding": "2007-10-28"
  },
  {
    "date": "2007-08-14",
    "symbol": "HD",
    "eps": 0.77,
    "epsEstimated": 0.72,
    "time": "bmo",
    "revenue": 22184000000,
    "revenueEstimated": 20743480519,
    "updatedFromDate": "2025-04-25",
    "fiscalDateEnding": "2007-07-29"
  },
  {
    "date": "2007-05-15",
    "symbol": "HD",
    "eps": 0.48,
    "epsEstimated": 0.59,
    "time": "bmo",
    "revenue": 21585000000,
    "revenueEstimated": 22794895833,
    "updatedFromDate": "2025-04-25",
    "fiscalDateEnding": "2007-04-29"
  },
  {
    "date": "2007-02-20",
    "symbol": "HD",
    "eps": 0.5,
    "epsEstimated": 0.5,
    "time": "bmo",
    "revenue": 20265000000,
    "revenueEstimated": 17404000000,
    "updatedFromDate": "2025-04-25",
    "fiscalDateEnding": "2007-01-28"
  },
  {
    "date": "2006-11-14",
    "symbol": "HD",
    "eps": 0.73,
    "epsEstimated": 0.75,
    "time": "bmo",
    "revenue": 23085000000,
    "revenueEstimated": 20186301369,
    "updatedFromDate": "2025-04-25",
    "fiscalDateEnding": "2006-10-29"
  },
  {
    "date": "2006-08-15",
    "symbol": "HD",
    "eps": 0.9,
    "epsEstimated": 0.92,
    "time": "bmo",
    "revenue": 26026000000,
    "revenueEstimated": 23094044444,
    "updatedFromDate": "2025-04-25",
    "fiscalDateEnding": "2006-07-30"
  },
  {
    "date": "2006-05-16",
    "symbol": "HD",
    "eps": 0.7,
    "epsEstimated": 0.67,
    "time": "bmo",
    "revenue": 21461000000,
    "revenueEstimated": 18547514285,
    "updatedFromDate": "2025-04-25",
    "fiscalDateEnding": "2006-04-30"
  },
  {
    "date": "2006-02-21",
    "symbol": "HD",
    "eps": 0.6,
    "epsEstimated": 0.56,
    "time": "bmo",
    "revenue": 19489000000,
    "revenueEstimated": 18189733333,
    "updatedFromDate": "2025-04-25",
    "fiscalDateEnding": "2006-01-29"
  },
  {
    "date": "2005-11-15",
    "symbol": "HD",
    "eps": 0.72,
    "epsEstimated": 0.68,
    "time": "bmo",
    "revenue": 20744000000,
    "revenueEstimated": 19591555555,
    "updatedFromDate": "2025-04-25",
    "fiscalDateEnding": "2005-10-30"
  },
  {
    "date": "2005-08-16",
    "symbol": "HD",
    "eps": 0.82,
    "epsEstimated": 0.79,
    "time": "bmo",
    "revenue": 22305000000,
    "revenueEstimated": 21488963414,
    "updatedFromDate": "2025-04-25",
    "fiscalDateEnding": "2005-07-31"
  },
  {
    "date": "2005-05-17",
    "symbol": "HD",
    "eps": 0.57,
    "epsEstimated": 0.55,
    "time": "bmo",
    "revenue": 18973000000,
    "revenueEstimated": 18307280701,
    "updatedFromDate": "2025-04-25",
    "fiscalDateEnding": "2005-05-01"
  },
  {
    "date": "2005-02-22",
    "symbol": "HD",
    "eps": 0.47,
    "epsEstimated": 0.47,
    "time": "bmo",
    "revenue": 16812000000,
    "revenueEstimated": 16812000000,
    "updatedFromDate": "2025-04-25",
    "fiscalDateEnding": "2005-01-30"
  },
  {
    "date": "2004-11-16",
    "symbol": "HD",
    "eps": 0.6,
    "epsEstimated": 0.57,
    "time": "bmo",
    "revenue": 18772000000,
    "revenueEstimated": 17833400000,
    "updatedFromDate": "2025-04-25",
    "fiscalDateEnding": "2004-10-31"
  },
  {
    "date": "2004-08-17",
    "symbol": "HD",
    "eps": 0.7,
    "epsEstimated": 0.64,
    "time": "bmo",
    "revenue": 19960000000,
    "revenueEstimated": 18249142857,
    "updatedFromDate": "2025-04-25",
    "fiscalDateEnding": "2004-08-01"
  },
  {
    "date": "2004-05-18",
    "symbol": "HD",
    "eps": 0.49,
    "epsEstimated": 0.43,
    "time": "bmo",
    "revenue": 17550000000,
    "revenueEstimated": 15401020408,
    "updatedFromDate": "2025-04-25",
    "fiscalDateEnding": "2004-05-02"
  },
  {
    "date": "2004-02-24",
    "symbol": "HD",
    "eps": 0.42,
    "epsEstimated": 0.39,
    "time": "bmo",
    "revenue": 15125000000,
    "revenueEstimated": null,
    "updatedFromDate": "2025-04-25",
    "fiscalDateEnding": "2004-02-01"
  },
  {
    "date": "2003-11-18",
    "symbol": "HD",
    "eps": 0.5,
    "epsEstimated": 0.46,
    "time": "bmo",
    "revenue": 16598000000,
    "revenueEstimated": 15270160000,
    "updatedFromDate": "2025-04-25",
    "fiscalDateEnding": "2003-11-02"
  },
  {
    "date": "2003-08-19",
    "symbol": "HD",
    "eps": 0.56,
    "epsEstimated": 0.54,
    "time": "bmo",
    "revenue": 17989000000,
    "revenueEstimated": 17346535714,
    "updatedFromDate": "2025-04-25",
    "fiscalDateEnding": "2003-08-03"
  },
  {
    "date": "2003-05-20",
    "symbol": "HD",
    "eps": 0.39,
    "epsEstimated": 0.37,
    "time": "bmo",
    "revenue": 15104000000,
    "revenueEstimated": 14329435897,
    "updatedFromDate": "2025-04-25",
    "fiscalDateEnding": "2003-05-04"
  },
  {
    "date": "2003-02-25",
    "symbol": "HD",
    "eps": 0.3,
    "epsEstimated": 0.27,
    "time": "bmo",
    "revenue": 13213000000,
    "revenueEstimated": null,
    "updatedFromDate": "2025-04-25",
    "fiscalDateEnding": "2003-02-02"
  },
  {
    "date": "2002-11-19",
    "symbol": "HD",
    "eps": 0.4,
    "epsEstimated": 0.4,
    "time": "bmo",
    "revenue": 14475000000,
    "revenueEstimated": 14475000000,
    "updatedFromDate": "2025-04-25",
    "fiscalDateEnding": "2002-11-03"
  },
  {
    "date": "2002-08-20",
    "symbol": "HD",
    "eps": 0.5,
    "epsEstimated": 0.47,
    "time": "bmo",
    "revenue": 16277000000,
    "revenueEstimated": 15300380000,
    "updatedFromDate": "2025-04-25",
    "fiscalDateEnding": "2002-08-04"
  },
  {
    "date": "2002-05-21",
    "symbol": "HD",
    "eps": 0.36,
    "epsEstimated": 0.33,
    "time": "bmo",
    "revenue": 14282000000,
    "revenueEstimated": 13091833333,
    "updatedFromDate": "2025-04-25",
    "fiscalDateEnding": "2002-05-05"
  },
  {
    "date": "2002-02-26",
    "symbol": "HD",
    "eps": 0.3,
    "epsEstimated": 0.28,
    "time": "bmo",
    "revenue": 13488000000,
    "revenueEstimated": null,
    "updatedFromDate": "2025-04-25",
    "fiscalDateEnding": "2002-02-03"
  },
  {
    "date": "2001-11-13",
    "symbol": "HD",
    "eps": 0.33,
    "epsEstimated": 0.33,
    "time": "bmo",
    "revenue": 13289000000,
    "revenueEstimated": 13289000000,
    "updatedFromDate": "2025-04-25",
    "fiscalDateEnding": "2001-10-28"
  },
  {
    "date": "2001-08-14",
    "symbol": "HD",
    "eps": 0.39,
    "epsEstimated": 0.37,
    "time": "bmo",
    "revenue": 14576000000,
    "revenueEstimated": 13828512820,
    "updatedFromDate": "2025-04-25",
    "fiscalDateEnding": "2001-07-29"
  },
  {
    "date": "2001-05-15",
    "symbol": "HD",
    "eps": 0.27,
    "epsEstimated": 0.25,
    "time": "bmo",
    "revenue": 12200000000,
    "revenueEstimated": 11296296296,
    "updatedFromDate": "2025-04-25",
    "fiscalDateEnding": "2001-04-29"
  },
  {
    "date": "2001-02-07",
    "symbol": "HD",
    "eps": 0.2,
    "epsEstimated": 0.2,
    "time": "bmo",
    "revenue": 10463000000,
    "revenueEstimated": 10463000000,
    "updatedFromDate": "2025-04-25",
    "fiscalDateEnding": "2001-01-28"
  },
  {
    "date": "2000-11-14",
    "symbol": "HD",
    "eps": 0.28,
    "epsEstimated": 0.28,
    "time": "bmo",
    "revenue": 11545000000,
    "revenueEstimated": 11545000000,
    "updatedFromDate": "2025-04-25",
    "fiscalDateEnding": "2000-10-30"
  },
  {
    "date": "2000-08-15",
    "symbol": "HD",
    "eps": 0.36,
    "epsEstimated": 0.37,
    "time": "bmo",
    "revenue": 12618000000,
    "revenueEstimated": 12968500000,
    "updatedFromDate": "2025-04-25",
    "fiscalDateEnding": "2000-07-30"
  },
  {
    "date": "2000-05-16",
    "symbol": "HD",
    "eps": 0.27,
    "epsEstimated": 0.27,
    "time": "bmo",
    "revenue": 11112000000,
    "revenueEstimated": 11112000000,
    "updatedFromDate": "2025-04-25",
    "fiscalDateEnding": "2000-04-30"
  },
  {
    "date": "2000-02-22",
    "symbol": "HD",
    "eps": 0.25,
    "epsEstimated": 0.24,
    "time": "bmo",
    "revenue": 9174000000,
    "revenueEstimated": 8791750000,
    "updatedFromDate": "2025-04-25",
    "fiscalDateEnding": "2000-01-30"
  },
  {
    "date": "1999-11-16",
    "symbol": "HD",
    "eps": 0.25,
    "epsEstimated": 0.23,
    "time": "bmo",
    "revenue": 9877000000,
    "revenueEstimated": 9086840000,
    "updatedFromDate": "2025-04-25",
    "fiscalDateEnding": "1999-10-31"
  },
  {
    "date": "1999-08-17",
    "symbol": "HD",
    "eps": 0.29,
    "epsEstimated": 0.29,
    "time": "bmo",
    "revenue": 10431000000,
    "revenueEstimated": 10431000000,
    "updatedFromDate": "2025-04-25",
    "fiscalDateEnding": "1999-08-01"
  },
  {
    "date": "1999-05-18",
    "symbol": "HD",
    "eps": 0.22,
    "epsEstimated": 0.19,
    "time": "bmo",
    "revenue": 8952000000,
    "revenueEstimated": 7731272727,
    "updatedFromDate": "2025-04-25",
    "fiscalDateEnding": "1999-05-02"
  },
  {
    "date": "1999-02-23",
    "symbol": "HD",
    "eps": 0.19,
    "epsEstimated": 0.17,
    "time": "bmo",
    "revenue": 7258000000,
    "revenueEstimated": 6404117647,
    "updatedFromDate": "2025-04-25",
    "fiscalDateEnding": "1999-01-31"
  },
  {
    "date": "1998-11-17",
    "symbol": "HD",
    "eps": 0.17,
    "epsEstimated": 0.17,
    "time": "bmo",
    "revenue": 7699000000,
    "revenueEstimated": 7699000000,
    "updatedFromDate": "2025-04-25",
    "fiscalDateEnding": "1998-11-01"
  },
  {
    "date": "1998-08-18",
    "symbol": "HD",
    "eps": 0.21,
    "epsEstimated": 0.2,
    "time": "bmo",
    "revenue": 8139000000,
    "revenueEstimated": 7751428571,
    "updatedFromDate": "2025-04-25",
    "fiscalDateEnding": "1998-08-02"
  },
  {
    "date": "1998-05-19",
    "symbol": "HD",
    "eps": 0.15,
    "epsEstimated": 0.14,
    "time": "bmo",
    "revenue": 7123000000,
    "revenueEstimated": 6648133333,
    "updatedFromDate": "2025-04-25",
    "fiscalDateEnding": "1998-05-03"
  },
  {
    "date": "1998-02-24",
    "symbol": "HD",
    "eps": 0.14,
    "epsEstimated": 0.14,
    "time": "bmo",
    "revenue": 5731500000,
    "revenueEstimated": null,
    "updatedFromDate": "2025-04-25",
    "fiscalDateEnding": "1998-02-01"
  },
  {
    "date": "1997-11-18",
    "symbol": "HD",
    "eps": 0.13,
    "epsEstimated": 0.13,
    "time": "bmo",
    "revenue": 6217000000,
    "revenueEstimated": 6217000000,
    "updatedFromDate": "2025-04-25",
    "fiscalDateEnding": "1997-11-02"
  },
  {
    "date": "1997-08-19",
    "symbol": "HD",
    "eps": 0.16,
    "epsEstimated": 0.15,
    "time": "bmo",
    "revenue": 6550200000,
    "revenueEstimated": 6140625000,
    "updatedFromDate": "2025-04-25",
    "fiscalDateEnding": "1997-08-03"
  },
  {
    "date": "1997-05-20",
    "symbol": "HD",
    "eps": 0.12,
    "epsEstimated": 0.11,
    "time": "bmo",
    "revenue": 5657300000,
    "revenueEstimated": 5185583333,
    "updatedFromDate": "2025-04-25",
    "fiscalDateEnding": "1997-05-04"
  },
  {
    "date": "1997-02-25",
    "symbol": "HD",
    "eps": 0.12,
    "epsEstimated": 0.11,
    "time": "bmo",
    "revenue": 4958500000,
    "revenueEstimated": null,
    "updatedFromDate": "2025-04-25",
    "fiscalDateEnding": "1997-02-02"
  },
  {
    "date": "1996-11-12",
    "symbol": "HD",
    "eps": 0.1,
    "epsEstimated": 0.1,
    "time": "bmo",
    "revenue": 4921800000,
    "revenueEstimated": null,
    "updatedFromDate": "2025-04-25",
    "fiscalDateEnding": "1996-10-27"
  },
  {
    "date": "1996-08-13",
    "symbol": "HD",
    "eps": 0.12,
    "epsEstimated": 0.12,
    "time": "bmo",
    "revenue": 5292900000,
    "revenueEstimated": null,
    "updatedFromDate": "2025-04-25",
    "fiscalDateEnding": "1996-07-28"
  },
  {
    "date": "1996-05-14",
    "symbol": "HD",
    "eps": 0.09,
    "epsEstimated": 0.09,
    "time": "bmo",
    "revenue": 4362200000,
    "revenueEstimated": null,
    "updatedFromDate": "2025-04-25",
    "fiscalDateEnding": "1996-04-28"
  },
  {
    "date": "1996-02-20",
    "symbol": "HD",
    "eps": 0.09,
    "epsEstimated": 0.09,
    "time": "bmo",
    "revenue": 3751900000,
    "revenueEstimated": null,
    "updatedFromDate": "2025-04-25",
    "fiscalDateEnding": "1996-01-28"
  },
  {
    "date": "1995-11-14",
    "symbol": "HD",
    "eps": 0.08,
    "epsEstimated": 0.08,
    "time": "bmo",
    "revenue": 3997800000,
    "revenueEstimated": null,
    "updatedFromDate": "2025-04-25",
    "fiscalDateEnding": "1995-10-29"
  },
  {
    "date": "1995-08-15",
    "symbol": "HD",
    "eps": 0.1,
    "epsEstimated": 0.1,
    "time": "bmo",
    "revenue": 4151700000,
    "revenueEstimated": null,
    "updatedFromDate": "2025-04-25",
    "fiscalDateEnding": "1995-07-30"
  },
  {
    "date": "1995-05-16",
    "symbol": "HD",
    "eps": 0.08,
    "epsEstimated": 0.08,
    "time": "bmo",
    "revenue": 3569000000,
    "revenueEstimated": null,
    "updatedFromDate": "2025-04-25",
    "fiscalDateEnding": "1995-04-30"
  },
  {
    "date": "1995-02-21",
    "symbol": "HD",
    "eps": 0.07,
    "epsEstimated": 0.07,
    "time": "bmo",
    "revenue": 3077500000,
    "revenueEstimated": null,
    "updatedFromDate": "2025-04-25",
    "fiscalDateEnding": "1995-01-29"
  },
  {
    "date": "1994-11-15",
    "symbol": "HD",
    "eps": 0.07,
    "epsEstimated": 0.07,
    "time": "bmo",
    "revenue": 3240100000,
    "revenueEstimated": null,
    "updatedFromDate": "2025-04-25",
    "fiscalDateEnding": "1994-10-29"
  },
  {
    "date": "1994-08-16",
    "symbol": "HD",
    "eps": 0.09,
    "epsEstimated": 0.08,
    "time": "bmo",
    "revenue": 3287000000,
    "revenueEstimated": null,
    "updatedFromDate": "2025-04-25",
    "fiscalDateEnding": "1994-07-31"
  },
  {
    "date": "1994-05-17",
    "symbol": "HD",
    "eps": 0.07,
    "epsEstimated": 0.07,
    "time": "bmo",
    "revenue": 2872100000,
    "revenueEstimated": null,
    "updatedFromDate": "2025-04-25",
    "fiscalDateEnding": "1994-05-01"
  },
  {
    "date": "1994-02-22",
    "symbol": "HD",
    "eps": 0.06,
    "epsEstimated": 0.06,
    "time": "bmo",
    "revenue": 2287500000,
    "revenueEstimated": null,
    "updatedFromDate": "2025-04-25",
    "fiscalDateEnding": "1994-01-30"
  },
  {
    "date": "1993-11-16",
    "symbol": "HD",
    "eps": 0.05,
    "epsEstimated": 0.05,
    "time": "bmo",
    "revenue": 2317400000,
    "revenueEstimated": null,
    "updatedFromDate": "2025-04-25",
    "fiscalDateEnding": "1993-10-31"
  },
  {
    "date": "1993-08-17",
    "symbol": "HD",
    "eps": 0.07,
    "epsEstimated": 0.07,
    "time": "bmo",
    "revenue": 2453800000,
    "revenueEstimated": null,
    "updatedFromDate": "2025-04-25",
    "fiscalDateEnding": "1993-07-31"
  },
  {
    "date": "1993-05-18",
    "symbol": "HD",
    "eps": 0.05,
    "epsEstimated": 0.06,
    "time": "bmo",
    "revenue": 2180200000,
    "revenueEstimated": null,
    "updatedFromDate": "2025-04-25",
    "fiscalDateEnding": "1993-04-30"
  },
  {
    "date": "1993-02-22",
    "symbol": "HD",
    "eps": 0.05,
    "epsEstimated": 0.05,
    "time": "bmo",
    "revenue": 1834000000,
    "revenueEstimated": null,
    "updatedFromDate": "2025-04-25",
    "fiscalDateEnding": "1992-10-31"
  },
  {
    "date": "1993-01-31",
    "symbol": "HD",
    "eps": 0.05758,
    "epsEstimated": null,
    "time": "bmo",
    "revenue": 1818400000,
    "revenueEstimated": null,
    "updatedFromDate": "2025-04-25",
    "fiscalDateEnding": "1993-01-31"
  },
  {
    "date": "1992-07-31",
    "symbol": "HD",
    "eps": 0.05,
    "epsEstimated": null,
    "time": "bmo",
    "revenue": 1856400000,
    "revenueEstimated": null,
    "updatedFromDate": "2025-04-25",
    "fiscalDateEnding": "1992-07-31"
  },
  {
    "date": "1992-04-30",
    "symbol": "HD",
    "eps": 0.04162,
    "epsEstimated": null,
    "time": "bmo",
    "revenue": 1639600000,
    "revenueEstimated": null,
    "updatedFromDate": "2025-04-25",
    "fiscalDateEnding": "1992-04-30"
  },
  {
    "date": "1992-01-31",
    "symbol": "HD",
    "eps": 0.03478,
    "epsEstimated": null,
    "time": "bmo",
    "revenue": 1298700000,
    "revenueEstimated": null,
    "updatedFromDate": "2025-04-25",
    "fiscalDateEnding": "1992-01-31"
  },
  {
    "date": "1991-10-31",
    "symbol": "HD",
    "eps": 0.03,
    "epsEstimated": null,
    "time": "bmo",
    "revenue": 1298300000,
    "revenueEstimated": null,
    "updatedFromDate": "2025-04-25",
    "fiscalDateEnding": "1991-10-31"
  },
  {
    "date": "1991-07-31",
    "symbol": "HD",
    "eps": 0.04,
    "epsEstimated": null,
    "time": "bmo",
    "revenue": 1352800000,
    "revenueEstimated": null,
    "updatedFromDate": "2025-04-25",
    "fiscalDateEnding": "1991-07-31"
  },
  {
    "date": "1991-04-30",
    "symbol": "HD",
    "eps": 0.03,
    "epsEstimated": null,
    "time": "bmo",
    "revenue": 1186900000,
    "revenueEstimated": null,
    "updatedFromDate": "2025-04-25",
    "fiscalDateEnding": "1991-04-30"
  },
  {
    "date": "1991-01-31",
    "symbol": "HD",
    "eps": 0.0344,
    "epsEstimated": null,
    "time": "bmo",
    "revenue": 1007600000,
    "revenueEstimated": null,
    "updatedFromDate": "2025-04-25",
    "fiscalDateEnding": "1991-01-31"
  },
  {
    "date": "1990-10-31",
    "symbol": "HD",
    "eps": 0.03,
    "epsEstimated": null,
    "time": "bmo",
    "revenue": 936600000,
    "revenueEstimated": null,
    "updatedFromDate": "2025-04-25",
    "fiscalDateEnding": "1990-10-31"
  },
  {
    "date": "1990-07-31",
    "symbol": "HD",
    "eps": 0.03,
    "epsEstimated": null,
    "time": "bmo",
    "revenue": 990300000,
    "revenueEstimated": null,
    "updatedFromDate": "2025-04-25",
    "fiscalDateEnding": "1990-07-31"
  },
  {
    "date": "1990-04-30",
    "symbol": "HD",
    "eps": 0.03,
    "epsEstimated": null,
    "time": "bmo",
    "revenue": 880900000,
    "revenueEstimated": null,
    "updatedFromDate": "2025-04-25",
    "fiscalDateEnding": "1990-04-30"
  },
  {
    "date": "1990-01-31",
    "symbol": "HD",
    "eps": 0.02313,
    "epsEstimated": null,
    "time": "bmo",
    "revenue": 713200000,
    "revenueEstimated": null,
    "updatedFromDate": "2025-04-25",
    "fiscalDateEnding": "1990-01-31"
  },
  {
    "date": "1989-10-31",
    "symbol": "HD",
    "eps": 0.02,
    "epsEstimated": null,
    "time": "bmo",
    "revenue": 699700000,
    "revenueEstimated": null,
    "updatedFromDate": "2025-04-25",
    "fiscalDateEnding": "1989-10-31"
  },
  {
    "date": "1989-07-31",
    "symbol": "HD",
    "eps": 0.02,
    "epsEstimated": null,
    "time": "bmo",
    "revenue": 704000000,
    "revenueEstimated": null,
    "updatedFromDate": "2025-04-25",
    "fiscalDateEnding": "1989-07-31"
  },
  {
    "date": "1989-04-30",
    "symbol": "HD",
    "eps": 0.02,
    "epsEstimated": null,
    "time": "bmo",
    "revenue": 641500000,
    "revenueEstimated": null,
    "updatedFromDate": "2025-04-25",
    "fiscalDateEnding": "1989-04-30"
  },
  {
    "date": "1989-01-31",
    "symbol": "HD",
    "eps": 0.0125,
    "epsEstimated": null,
    "time": "bmo",
    "revenue": 1999500000,
    "revenueEstimated": null,
    "updatedFromDate": "2025-04-25",
    "fiscalDateEnding": "1989-01-31"
  },
  {
    "date": "1988-10-31",
    "symbol": "HD",
    "eps": 0.01,
    "epsEstimated": null,
    "time": "bmo",
    "revenue": 510000000,
    "revenueEstimated": null,
    "updatedFromDate": "2025-04-25",
    "fiscalDateEnding": "1988-10-31"
  },
  {
    "date": "1988-07-31",
    "symbol": "HD",
    "eps": 0.02,
    "epsEstimated": null,
    "time": "bmo",
    "revenue": 518200000,
    "revenueEstimated": null,
    "updatedFromDate": "2025-04-25",
    "fiscalDateEnding": "1988-07-31"
  },
  {
    "date": "1988-04-30",
    "symbol": "HD",
    "eps": 0.01,
    "epsEstimated": null,
    "time": "bmo",
    "revenue": 446600000,
    "revenueEstimated": null,
    "updatedFromDate": "2025-04-25",
    "fiscalDateEnding": "1988-04-30"
  },
  {
    "date": "1988-01-31",
    "symbol": "HD",
    "eps": 0.01,
    "epsEstimated": null,
    "time": "bmo",
    "revenue": 1453700000,
    "revenueEstimated": null,
    "updatedFromDate": "2025-04-25",
    "fiscalDateEnding": "1988-01-31"
  },
  {
    "date": "1987-10-31",
    "symbol": "HD",
    "eps": 0.01,
    "epsEstimated": null,
    "time": "bmo",
    "revenue": 364200000,
    "revenueEstimated": null,
    "updatedFromDate": "2025-04-25",
    "fiscalDateEnding": "1987-10-31"
  },
  {
    "date": "1987-07-31",
    "symbol": "HD",
    "eps": 0.01,
    "epsEstimated": null,
    "time": "bmo",
    "revenue": 381400000,
    "revenueEstimated": null,
    "updatedFromDate": "2025-04-25",
    "fiscalDateEnding": "1987-07-31"
  },
  {
    "date": "1987-04-30",
    "symbol": "HD",
    "eps": 0.01,
    "epsEstimated": null,
    "time": "bmo",
    "revenue": 334000000,
    "revenueEstimated": null,
    "updatedFromDate": "2025-04-25",
    "fiscalDateEnding": "1987-04-30"
  },
  {
    "date": "1987-01-31",
    "symbol": "HD",
    "eps": 0.005,
    "epsEstimated": null,
    "time": "bmo",
    "revenue": 1011500000,
    "revenueEstimated": null,
    "updatedFromDate": "2025-04-25",
    "fiscalDateEnding": "1987-01-31"
  },
  {
    "date": "1986-10-31",
    "symbol": "HD",
    "eps": 0.01,
    "epsEstimated": null,
    "time": "bmo",
    "revenue": 251500000,
    "revenueEstimated": null,
    "updatedFromDate": "2025-04-25",
    "fiscalDateEnding": "1986-10-31"
  },
  {
    "date": "1986-07-31",
    "symbol": "HD",
    "eps": 0.01,
    "epsEstimated": null,
    "time": "bmo",
    "revenue": 263400000,
    "revenueEstimated": null,
    "updatedFromDate": "2025-04-25",
    "fiscalDateEnding": "1986-07-31"
  },
  {
    "date": "1986-04-30",
    "symbol": "HD",
    "eps": 0.01,
    "epsEstimated": null,
    "time": "bmo",
    "revenue": 222600000,
    "revenueEstimated": null,
    "updatedFromDate": "2025-04-25",
    "fiscalDateEnding": "1986-04-30"
  },
  {
    "date": "1986-01-31",
    "symbol": "HD",
    "eps": 0.0025,
    "epsEstimated": null,
    "time": "bmo",
    "revenue": 700700000,
    "revenueEstimated": null,
    "updatedFromDate": "2025-04-25",
    "fiscalDateEnding": "1986-01-31"
  },
  {
    "date": "1985-10-31",
    "symbol": "HD",
    "eps": 0.01,
    "epsEstimated": null,
    "time": "bmo",
    "revenue": 177700000,
    "revenueEstimated": null,
    "updatedFromDate": "2025-04-25",
    "fiscalDateEnding": "1985-10-31"
  }
]