[
  {
    "date": "2026-04-29",
    "symbol": "META",
    "eps": null,
    "epsEstimated": 6.67,
    "time": "amc",
    "revenue": null,
    "revenueEstimated": 55456363170,
    "updatedFromDate": "2026-02-08",
    "fiscalDateEnding": "2026-03-30"
  },
  {
    "date": "2026-01-28",
    "symbol": "META",
    "eps": 8.88,
    "epsEstimated": 8.19,
    "time": "amc",
    "revenue": 59894000000,
    "revenueEstimated": 58330095020,
    "updatedFromDate": "2026-02-08",
    "fiscalDateEnding": "2025-12-31"
  },
  {
    "date": "2025-10-29",
    "symbol": "META",
    "eps": 7.25,
    "epsEstimated": 6.72,
    "time": "amc",
    "revenue": 51242000000,
    "revenueEstimated": 49508128269,
    "updatedFromDate": "2026-01-29",
    "fiscalDateEnding": "2025-09-30"
  },
  {
    "date": "2025-07-30",
    "symbol": "META",
    "eps": 7.14,
    "epsEstimated": 5.88,
    "time": "amc",
    "revenue": 47516000000,
    "revenueEstimated": 44821438597,
    "updatedFromDate": "2025-10-30",
    "fiscalDateEnding": "2025-06-30"
  },
  {
    "date": "2025-04-30",
    "symbol": "META",
    "eps": 6.43,
    "epsEstimated": 5.23,
    "time": "amc",
    "revenue": 42314000000,
    "revenueEstimated": 41339201062,
    "updatedFromDate": "2025-07-30",
    "fiscalDateEnding": "2025-03-31"
  },
  {
    "date": "2025-01-29",
    "symbol": "META",
    "eps": 8.02,
    "epsEstimated": 6.75,
    "time": "amc",
    "revenue": 48385000000,
    "revenueEstimated": 47004057689,
    "updatedFromDate": "2025-04-29",
    "fiscalDateEnding": "2024-12-31"
  },
  {
    "date": "2024-10-30",
    "symbol": "META",
    "eps": 6.03,
    "epsEstimated": 5.25,
    "time": "amc",
    "revenue": 40589000000,
    "revenueEstimated": 40202943776,
    "updatedFromDate": "2025-04-25",
    "fiscalDateEnding": "2024-09-30"
  },
  {
    "date": "2024-07-31",
    "symbol": "META",
    "eps": 5.16,
    "epsEstimated": 4.73,
    "time": "amc",
    "revenue": 39071000000,
    "revenueEstimated": 38261443896,
    "updatedFromDate": "2025-04-25",
    "fiscalDateEnding": "2024-06-30"
  },
  {
    "date": "2024-04-24",
    "symbol": "META",
    "eps": 4.71,
    "epsEstimated": 4.32,
    "time": "amc",
    "revenue": 36455000000,
    "revenueEstimated": 36146676261,
    "updatedFromDate": "2025-04-25",
    "fiscalDateEnding": "2024-03-31"
  },
  {
    "date": "2024-02-01",
    "symbol": "META",
    "eps": 5.33,
    "epsEstimated": 4.96,
    "time": "amc",
    "revenue": 40111000000,
    "revenueEstimated": 39168800000,
    "updatedFromDate": "2025-04-25",
    "fiscalDateEnding": "2023-12-31"
  },
  {
    "date": "2023-10-25",
    "symbol": "META",
    "eps": 4.39,
    "epsEstimated": 3.63,
    "time": "amc",
    "revenue": 34146000000,
    "revenueEstimated": 31647200000,
    "updatedFromDate": "2025-04-25",
    "fiscalDateEnding": "2023-09-30"
  },
  {
    "date": "2023-07-26",
    "symbol": "META",
    "eps": 2.98,
    "epsEstimated": 2.92,
    "time": "amc",
    "revenue": 31999000000,
    "revenueEstimated": 27968300000,
    "updatedFromDate": "2025-04-25",
    "fiscalDateEnding": "2023-06-30"
  },
  {
    "date": "2023-04-26",
    "symbol": "META",
    "eps": 2.2,
    "epsEstimated": 2.03,
    "time": "amc",
    "revenue": 28645000000,
    "revenueEstimated": 27654600000,
    "updatedFromDate": "2025-04-25",
    "fiscalDateEnding": "2023-03-31"
  },
  {
    "date": "2023-02-01",
    "symbol": "META",
    "eps": 1.76,
    "epsEstimated": 2.22,
    "time": "amc",
    "revenue": 32165000000,
    "revenueEstimated": 31551048476,
    "updatedFromDate": "2025-04-25",
    "fiscalDateEnding": "2022-12-31"
  },
  {
    "date": "2022-10-26",
    "symbol": "META",
    "eps": 1.64,
    "epsEstimated": 1.89,
    "time": "amc",
    "revenue": 27714000000,
    "revenueEstimated": 27439470981,
    "updatedFromDate": "2025-04-25",
    "fiscalDateEnding": "2022-09-30"
  },
  {
    "date": "2022-07-27",
    "symbol": "META",
    "eps": 2.46,
    "epsEstimated": 2.59,
    "time": "amc",
    "revenue": 28822000000,
    "revenueEstimated": 28908384447,
    "updatedFromDate": "2025-04-25",
    "fiscalDateEnding": "2022-06-30"
  },
  {
    "date": "2022-04-27",
    "symbol": "META",
    "eps": 2.72,
    "epsEstimated": 2.56,
    "time": "amc",
    "revenue": 27908000000,
    "revenueEstimated": 28278997754,
    "updatedFromDate": "2025-04-25",
    "fiscalDateEnding": "2022-03-31"
  },
  {
    "date": "2022-02-02",
    "symbol": "META",
    "eps": 3.67,
    "epsEstimated": 3.84,
    "time": "amc",
    "revenue": 33671000000,
    "revenueEstimated": 33370161276,
    "updatedFromDate": "2025-04-25",
    "fiscalDateEnding": "2021-12-31"
  },
  {
    "date": "2021-10-25",
    "symbol": "META",
    "eps": 3.22,
    "epsEstimated": 3.19,
    "time": "amc",
    "revenue": 29010000000,
    "revenueEstimated": 29545600000,
    "updatedFromDate": "2025-04-25",
    "fiscalDateEnding": "2021-09-30"
  },
  {
    "date": "2021-07-28",
    "symbol": "META",
    "eps": 3.61,
    "epsEstimated": 3.03,
    "time": "amc",
    "revenue": 29077000000,
    "revenueEstimated": 29481700000,
    "updatedFromDate": "2025-04-25",
    "fiscalDateEnding": "2021-06-30"
  },
  {
    "date": "2021-04-28",
    "symbol": "META",
    "eps": 3.3,
    "epsEstimated": 2.37,
    "time": "amc",
    "revenue": 26171000000,
    "revenueEstimated": 23516800000,
    "updatedFromDate": "2025-04-25",
    "fiscalDateEnding": "2021-03-31"
  },
  {
    "date": "2021-01-27",
    "symbol": "META",
    "eps": 3.88,
    "epsEstimated": 3.22,
    "time": "amc",
    "revenue": 28072000000,
    "revenueEstimated": 22317316770,
    "updatedFromDate": "2025-04-25",
    "fiscalDateEnding": "2020-12-31"
  },
  {
    "date": "2020-10-29",
    "symbol": "META",
    "eps": 2.4,
    "epsEstimated": 1.91,
    "time": "amc",
    "revenue": 21470000000,
    "revenueEstimated": 15131992619,
    "updatedFromDate": "2025-04-25",
    "fiscalDateEnding": "2020-09-30"
  },
  {
    "date": "2020-07-30",
    "symbol": "META",
    "eps": 1.8,
    "epsEstimated": 1.39,
    "time": "amc",
    "revenue": 18687000000,
    "revenueEstimated": 14430516666,
    "updatedFromDate": "2025-04-25",
    "fiscalDateEnding": "2020-06-30"
  },
  {
    "date": "2020-04-29",
    "symbol": "META",
    "eps": 1.71,
    "epsEstimated": 1.75,
    "time": "amc",
    "revenue": 17737000000,
    "revenueEstimated": 18255625730,
    "updatedFromDate": "2025-04-25",
    "fiscalDateEnding": "2020-03-31"
  },
  {
    "date": "2020-01-29",
    "symbol": "META",
    "eps": 2.56,
    "epsEstimated": 2.53,
    "time": "amc",
    "revenue": 21082000000,
    "revenueEstimated": 20834945312,
    "updatedFromDate": "2025-04-25",
    "fiscalDateEnding": "2019-12-31"
  },
  {
    "date": "2019-10-30",
    "symbol": "META",
    "eps": 2.12,
    "epsEstimated": 1.91,
    "time": "amc",
    "revenue": 17652000000,
    "revenueEstimated": 15903452830,
    "updatedFromDate": "2025-04-25",
    "fiscalDateEnding": "2019-09-30"
  },
  {
    "date": "2019-07-24",
    "symbol": "META",
    "eps": 1.99,
    "epsEstimated": 1.88,
    "time": "amc",
    "revenue": 16886000000,
    "revenueEstimated": 34885362637,
    "updatedFromDate": "2025-04-25",
    "fiscalDateEnding": "2019-06-30"
  },
  {
    "date": "2019-04-24",
    "symbol": "META",
    "eps": 1.89,
    "epsEstimated": 1.63,
    "time": "amc",
    "revenue": 15077000000,
    "revenueEstimated": 28912364705,
    "updatedFromDate": "2025-04-25",
    "fiscalDateEnding": "2019-03-31"
  },
  {
    "date": "2019-01-30",
    "symbol": "META",
    "eps": 2.38,
    "epsEstimated": 2.19,
    "time": "amc",
    "revenue": 16914000000,
    "revenueEstimated": 15563722689,
    "updatedFromDate": "2025-04-25",
    "fiscalDateEnding": "2018-12-31"
  },
  {
    "date": "2018-10-30",
    "symbol": "META",
    "eps": 1.76,
    "epsEstimated": 1.47,
    "time": "amc",
    "revenue": 13727000000,
    "revenueEstimated": 11465164772,
    "updatedFromDate": "2025-04-25",
    "fiscalDateEnding": "2018-09-30"
  },
  {
    "date": "2018-07-25",
    "symbol": "META",
    "eps": 1.74,
    "epsEstimated": 1.72,
    "time": "amc",
    "revenue": 13231000000,
    "revenueEstimated": 13078919540,
    "updatedFromDate": "2025-04-25",
    "fiscalDateEnding": "2018-06-30"
  },
  {
    "date": "2018-04-25",
    "symbol": "META",
    "eps": 1.69,
    "epsEstimated": 1.35,
    "time": "amc",
    "revenue": 11966000000,
    "revenueEstimated": 9558639053,
    "updatedFromDate": "2025-04-25",
    "fiscalDateEnding": "2018-03-31"
  },
  {
    "date": "2018-01-31",
    "symbol": "META",
    "eps": 2.21,
    "epsEstimated": 1.95,
    "time": "amc",
    "revenue": 12972000000,
    "revenueEstimated": 17566250000,
    "updatedFromDate": "2025-04-25",
    "fiscalDateEnding": "2017-12-31"
  },
  {
    "date": "2017-11-01",
    "symbol": "META",
    "eps": 1.59,
    "epsEstimated": 1.28,
    "time": "amc",
    "revenue": 10328000000,
    "revenueEstimated": 8314364779,
    "updatedFromDate": "2025-04-25",
    "fiscalDateEnding": "2017-09-30"
  },
  {
    "date": "2017-07-26",
    "symbol": "META",
    "eps": 1.32,
    "epsEstimated": 1.13,
    "time": "amc",
    "revenue": 9321000000,
    "revenueEstimated": 7979340909,
    "updatedFromDate": "2025-04-25",
    "fiscalDateEnding": "2017-06-30"
  },
  {
    "date": "2017-05-03",
    "symbol": "META",
    "eps": 1.3,
    "epsEstimated": 1.12,
    "time": "amc",
    "revenue": 8032000000,
    "revenueEstimated": 8649846153,
    "updatedFromDate": "2025-04-25",
    "fiscalDateEnding": "2017-03-31"
  },
  {
    "date": "2017-02-01",
    "symbol": "META",
    "eps": 1.41,
    "epsEstimated": 1.31,
    "time": "amc",
    "revenue": 8809000000,
    "revenueEstimated": 8184248226,
    "updatedFromDate": "2025-04-25",
    "fiscalDateEnding": "2016-12-31"
  },
  {
    "date": "2016-11-02",
    "symbol": "META",
    "eps": 1.09,
    "epsEstimated": 0.97,
    "time": "amc",
    "revenue": 7011000000,
    "revenueEstimated": 6239146788,
    "updatedFromDate": "2025-04-25",
    "fiscalDateEnding": "2016-09-30"
  },
  {
    "date": "2016-07-27",
    "symbol": "META",
    "eps": 0.97,
    "epsEstimated": 0.82,
    "time": "amc",
    "revenue": 6436000000,
    "revenueEstimated": 5440742268,
    "updatedFromDate": "2025-04-25",
    "fiscalDateEnding": "2016-06-30"
  },
  {
    "date": "2016-04-27",
    "symbol": "META",
    "eps": 0.77,
    "epsEstimated": 0.62,
    "time": "amc",
    "revenue": 5382000000,
    "revenueEstimated": 4333558441,
    "updatedFromDate": "2025-04-25",
    "fiscalDateEnding": "2016-03-31"
  },
  {
    "date": "2016-01-27",
    "symbol": "META",
    "eps": 0.79,
    "epsEstimated": 0.68,
    "time": "amc",
    "revenue": 5841000000,
    "revenueEstimated": 5027696202,
    "updatedFromDate": "2025-04-25",
    "fiscalDateEnding": "2015-12-31"
  },
  {
    "date": "2015-11-04",
    "symbol": "META",
    "eps": 0.57,
    "epsEstimated": 0.52,
    "time": "amc",
    "revenue": 4501000000,
    "revenueEstimated": 4106175438,
    "updatedFromDate": "2025-04-25",
    "fiscalDateEnding": "2015-09-30"
  },
  {
    "date": "2015-07-29",
    "symbol": "META",
    "eps": 0.5,
    "epsEstimated": 0.47,
    "time": "amc",
    "revenue": 4042000000,
    "revenueEstimated": 3799480000,
    "updatedFromDate": "2025-04-25",
    "fiscalDateEnding": "2015-06-30"
  },
  {
    "date": "2015-04-22",
    "symbol": "META",
    "eps": 0.42,
    "epsEstimated": 0.4,
    "time": "amc",
    "revenue": 3543000000,
    "revenueEstimated": 3374285714,
    "updatedFromDate": "2025-04-25",
    "fiscalDateEnding": "2015-03-31"
  },
  {
    "date": "2015-01-28",
    "symbol": "META",
    "eps": 0.54,
    "epsEstimated": 0.49,
    "time": "amc",
    "revenue": 3851000000,
    "revenueEstimated": 3494425925,
    "updatedFromDate": "2025-04-25",
    "fiscalDateEnding": "2014-12-31"
  },
  {
    "date": "2014-10-28",
    "symbol": "META",
    "eps": 0.43,
    "epsEstimated": 0.4,
    "time": "amc",
    "revenue": 3203000000,
    "revenueEstimated": 2979534883,
    "updatedFromDate": "2025-04-25",
    "fiscalDateEnding": "2014-09-30"
  },
  {
    "date": "2014-07-23",
    "symbol": "META",
    "eps": 0.42,
    "epsEstimated": 0.32,
    "time": "amc",
    "revenue": 2910000000,
    "revenueEstimated": 2217142857,
    "updatedFromDate": "2025-04-25",
    "fiscalDateEnding": "2014-06-30"
  },
  {
    "date": "2014-04-23",
    "symbol": "META",
    "eps": 0.34,
    "epsEstimated": 0.24,
    "time": "amc",
    "revenue": 2502000000,
    "revenueEstimated": 1766117647,
    "updatedFromDate": "2025-04-25",
    "fiscalDateEnding": "2014-03-31"
  },
  {
    "date": "2014-01-29",
    "symbol": "META",
    "eps": 0.31,
    "epsEstimated": 0.27,
    "time": "amc",
    "revenue": 2585000000,
    "revenueEstimated": 2251451612,
    "updatedFromDate": "2025-04-25",
    "fiscalDateEnding": "2013-12-31"
  },
  {
    "date": "2013-10-30",
    "symbol": "META",
    "eps": 0.25,
    "epsEstimated": 0.19,
    "time": "amc",
    "revenue": 2016000000,
    "revenueEstimated": 1532160000,
    "updatedFromDate": "2025-04-25",
    "fiscalDateEnding": "2013-09-30"
  },
  {
    "date": "2013-07-24",
    "symbol": "META",
    "eps": 0.19,
    "epsEstimated": 0.14,
    "time": "amc",
    "revenue": 1813000000,
    "revenueEstimated": 1335894736,
    "updatedFromDate": "2025-04-25",
    "fiscalDateEnding": "2013-06-30"
  },
  {
    "date": "2013-05-01",
    "symbol": "META",
    "eps": 0.12,
    "epsEstimated": 0.13,
    "time": "amc",
    "revenue": 1458000000,
    "revenueEstimated": 1579500000,
    "updatedFromDate": "2025-04-25",
    "fiscalDateEnding": "2013-03-31"
  },
  {
    "date": "2013-01-30",
    "symbol": "META",
    "eps": 0.17,
    "epsEstimated": 0.15,
    "time": "amc",
    "revenue": 1585000000,
    "revenueEstimated": 1398529411,
    "updatedFromDate": "2025-04-25",
    "fiscalDateEnding": "2012-12-31"
  },
  {
    "date": "2012-10-23",
    "symbol": "META",
    "eps": 0.12,
    "epsEstimated": 0.11,
    "time": "amc",
    "revenue": 1262000000,
    "revenueEstimated": 1156833333,
    "updatedFromDate": "2025-04-25",
    "fiscalDateEnding": "2012-09-30"
  },
  {
    "date": "2012-07-31",
    "symbol": "META",
    "eps": -0.08356,
    "epsEstimated": null,
    "time": "amc",
    "revenue": 1184000000,
    "revenueEstimated": null,
    "updatedFromDate": "2025-04-25",
    "fiscalDateEnding": "2012-06-30"
  },
  {
    "date": "2012-07-26",
    "symbol": "META",
    "eps": 0.12,
    "epsEstimated": 0.12,
    "time": "amc",
    "revenue": 1058000000,
    "revenueEstimated": 1184000000,
    "updatedFromDate": "2025-04-25",
    "fiscalDateEnding": "2012-03-31"
  },
  {
    "date": "2011-12-31",
    "symbol": "META",
    "eps": 0.1182,
    "epsEstimated": null,
    "time": "amc",
    "revenue": 1131000000,
    "revenueEstimated": null,
    "updatedFromDate": "2025-04-25",
    "fiscalDateEnding": "2011-12-31"
  },
  {
    "date": "2011-09-30",
    "symbol": "META",
    "eps": 0.08881,
    "epsEstimated": null,
    "time": "amc",
    "revenue": 954000000,
    "revenueEstimated": null,
    "updatedFromDate": "2025-04-25",
    "fiscalDateEnding": "2011-09-30"
  },
  {
    "date": "2011-06-30",
    "symbol": "META",
    "eps": 0.0939,
    "epsEstimated": null,
    "time": "amc",
    "revenue": 895000000,
    "revenueEstimated": null,
    "updatedFromDate": "2025-04-25",
    "fiscalDateEnding": "2011-06-30"
  },
  {
    "date": "2011-03-31",
    "symbol": "META",
    "eps": 0.09116,
    "epsEstimated": null,
    "time": "amc",
    "revenue": 731000000,
    "revenueEstimated": null,
    "updatedFromDate": "2025-04-25",
    "fiscalDateEnding": "2011-03-31"
  }
]