[
  {
    "date": "2026-05-05",
    "symbol": "V",
    "eps": null,
    "epsEstimated": 3.08,
    "time": "amc",
    "revenue": null,
    "revenueEstimated": null,
    "updatedFromDate": "2026-02-07",
    "fiscalDateEnding": "2026-03-30"
  },
  {
    "date": "2026-01-29",
    "symbol": "V",
    "eps": 3.17,
    "epsEstimated": 3.14,
    "time": "amc",
    "revenue": 10901000000,
    "revenueEstimated": 10687994411,
    "updatedFromDate": "2026-02-07",
    "fiscalDateEnding": "2025-12-31"
  },
  {
    "date": "2025-10-28",
    "symbol": "V",
    "eps": 2.98,
    "epsEstimated": 2.97,
    "time": "amc",
    "revenue": 10724000000,
    "revenueEstimated": 10618837361,
    "updatedFromDate": "2026-01-28",
    "fiscalDateEnding": "2025-09-30"
  },
  {
    "date": "2025-07-29",
    "symbol": "V",
    "eps": 2.98,
    "epsEstimated": 2.85,
    "time": "amc",
    "revenue": 10172000000,
    "revenueEstimated": 9847707112,
    "updatedFromDate": "2025-10-29",
    "fiscalDateEnding": "2025-06-30"
  },
  {
    "date": "2025-04-29",
    "symbol": "V",
    "eps": 2.76,
    "epsEstimated": 2.68,
    "time": "amc",
    "revenue": 9594000000,
    "revenueEstimated": 9551392546,
    "updatedFromDate": "2025-07-29",
    "fiscalDateEnding": "2025-03-31"
  },
  {
    "date": "2025-01-30",
    "symbol": "V",
    "eps": 2.75,
    "epsEstimated": 2.66,
    "time": "amc",
    "revenue": 9510000000,
    "revenueEstimated": 9348406752,
    "updatedFromDate": "2025-04-30",
    "fiscalDateEnding": "2024-12-31"
  },
  {
    "date": "2024-10-29",
    "symbol": "V",
    "eps": 2.71,
    "epsEstimated": 2.58,
    "time": "amc",
    "revenue": 9617000000,
    "revenueEstimated": 9485071952,
    "updatedFromDate": "2025-04-25",
    "fiscalDateEnding": "2024-09-30"
  },
  {
    "date": "2024-07-23",
    "symbol": "V",
    "eps": 2.42,
    "epsEstimated": 2.42,
    "time": "amc",
    "revenue": 8900000000,
    "revenueEstimated": 8918546662,
    "updatedFromDate": "2025-04-25",
    "fiscalDateEnding": "2024-06-30"
  },
  {
    "date": "2024-04-23",
    "symbol": "V",
    "eps": 2.51,
    "epsEstimated": 2.44,
    "time": "amc",
    "revenue": 8775000000,
    "revenueEstimated": 8620904071,
    "updatedFromDate": "2025-04-25",
    "fiscalDateEnding": "2024-03-31"
  },
  {
    "date": "2024-01-25",
    "symbol": "V",
    "eps": 2.41,
    "epsEstimated": 2.34,
    "time": "amc",
    "revenue": 8634000000,
    "revenueEstimated": 8540650000,
    "updatedFromDate": "2025-04-25",
    "fiscalDateEnding": "2023-12-31"
  },
  {
    "date": "2023-10-24",
    "symbol": "V",
    "eps": 2.33,
    "epsEstimated": 2.24,
    "time": "amc",
    "revenue": 8609000000,
    "revenueEstimated": 8561120000,
    "updatedFromDate": "2025-04-25",
    "fiscalDateEnding": "2023-09-30"
  },
  {
    "date": "2023-07-25",
    "symbol": "V",
    "eps": 2.16,
    "epsEstimated": 2.12,
    "time": "amc",
    "revenue": 8123000000,
    "revenueEstimated": 8064040000,
    "updatedFromDate": "2025-04-25",
    "fiscalDateEnding": "2023-06-30"
  },
  {
    "date": "2023-04-25",
    "symbol": "V",
    "eps": 2.09,
    "epsEstimated": 1.99,
    "time": "amc",
    "revenue": 7985000000,
    "revenueEstimated": 7791230000,
    "updatedFromDate": "2025-04-25",
    "fiscalDateEnding": "2023-03-31"
  },
  {
    "date": "2023-01-26",
    "symbol": "V",
    "eps": 2.18,
    "epsEstimated": 2.01,
    "time": "amc",
    "revenue": 7936000000,
    "revenueEstimated": 7702909080,
    "updatedFromDate": "2025-04-25",
    "fiscalDateEnding": "2022-12-31"
  },
  {
    "date": "2022-10-25",
    "symbol": "V",
    "eps": 1.93,
    "epsEstimated": 1.86,
    "time": "amc",
    "revenue": 7787000000,
    "revenueEstimated": 7554182372,
    "updatedFromDate": "2025-04-25",
    "fiscalDateEnding": "2022-09-30"
  },
  {
    "date": "2022-07-26",
    "symbol": "V",
    "eps": 1.98,
    "epsEstimated": 1.75,
    "time": "amc",
    "revenue": 7275000000,
    "revenueEstimated": 7076579410,
    "updatedFromDate": "2025-04-25",
    "fiscalDateEnding": "2022-06-30"
  },
  {
    "date": "2022-04-26",
    "symbol": "V",
    "eps": 1.79,
    "epsEstimated": 1.65,
    "time": "amc",
    "revenue": 7189000000,
    "revenueEstimated": 6832936649,
    "updatedFromDate": "2025-04-25",
    "fiscalDateEnding": "2022-03-31"
  },
  {
    "date": "2022-01-27",
    "symbol": "V",
    "eps": 1.81,
    "epsEstimated": 1.7,
    "time": "amc",
    "revenue": 7059000000,
    "revenueEstimated": 6602241176,
    "updatedFromDate": "2025-04-25",
    "fiscalDateEnding": "2021-12-31"
  },
  {
    "date": "2021-10-26",
    "symbol": "V",
    "eps": 1.62,
    "epsEstimated": 1.54,
    "time": "amc",
    "revenue": 6559000000,
    "revenueEstimated": 6511100000,
    "updatedFromDate": "2025-04-25",
    "fiscalDateEnding": "2021-09-30"
  },
  {
    "date": "2021-07-27",
    "symbol": "V",
    "eps": 1.49,
    "epsEstimated": 1.35,
    "time": "amc",
    "revenue": 6130000000,
    "revenueEstimated": 6526260000,
    "updatedFromDate": "2025-04-25",
    "fiscalDateEnding": "2021-06-30"
  },
  {
    "date": "2021-04-27",
    "symbol": "V",
    "eps": 1.38,
    "epsEstimated": 1.27,
    "time": "amc",
    "revenue": 5729000000,
    "revenueEstimated": 5542250000,
    "updatedFromDate": "2025-04-25",
    "fiscalDateEnding": "2021-03-31"
  },
  {
    "date": "2021-01-28",
    "symbol": "V",
    "eps": 1.42,
    "epsEstimated": 1.28,
    "time": "amc",
    "revenue": 5687000000,
    "revenueEstimated": 5528260000,
    "updatedFromDate": "2025-04-25",
    "fiscalDateEnding": "2020-12-31"
  },
  {
    "date": "2020-10-28",
    "symbol": "V",
    "eps": 1.12,
    "epsEstimated": 1.09,
    "time": "amc",
    "revenue": 5101000000,
    "revenueEstimated": 16553401785,
    "updatedFromDate": "2025-04-25",
    "fiscalDateEnding": "2020-09-30"
  },
  {
    "date": "2020-07-28",
    "symbol": "V",
    "eps": 1.07,
    "epsEstimated": 1.03,
    "time": "amc",
    "revenue": 4837000000,
    "revenueEstimated": 4656177570,
    "updatedFromDate": "2025-04-25",
    "fiscalDateEnding": "2020-06-30"
  },
  {
    "date": "2020-04-30",
    "symbol": "V",
    "eps": 1.38,
    "epsEstimated": 1.35,
    "time": "amc",
    "revenue": 5854000000,
    "revenueEstimated": 5726739130,
    "updatedFromDate": "2025-04-25",
    "fiscalDateEnding": "2020-03-31"
  },
  {
    "date": "2020-01-30",
    "symbol": "V",
    "eps": 1.46,
    "epsEstimated": 1.46,
    "time": "amc",
    "revenue": 6054000000,
    "revenueEstimated": 6054000000,
    "updatedFromDate": "2025-04-25",
    "fiscalDateEnding": "2019-12-31"
  },
  {
    "date": "2019-10-24",
    "symbol": "V",
    "eps": 1.47,
    "epsEstimated": 1.43,
    "time": "amc",
    "revenue": 6137000000,
    "revenueEstimated": 5970006802,
    "updatedFromDate": "2025-04-25",
    "fiscalDateEnding": "2019-09-30"
  },
  {
    "date": "2019-07-23",
    "symbol": "V",
    "eps": 1.37,
    "epsEstimated": 1.32,
    "time": "amc",
    "revenue": 5840000000,
    "revenueEstimated": 5626861313,
    "updatedFromDate": "2025-04-25",
    "fiscalDateEnding": "2019-06-30"
  },
  {
    "date": "2019-04-24",
    "symbol": "V",
    "eps": 1.31,
    "epsEstimated": 1.24,
    "time": "amc",
    "revenue": 5494000000,
    "revenueEstimated": 5200427480,
    "updatedFromDate": "2025-04-25",
    "fiscalDateEnding": "2019-03-31"
  },
  {
    "date": "2019-01-30",
    "symbol": "V",
    "eps": 1.3,
    "epsEstimated": 1.25,
    "time": "amc",
    "revenue": 5506000000,
    "revenueEstimated": 5294230769,
    "updatedFromDate": "2025-04-25",
    "fiscalDateEnding": "2018-12-31"
  },
  {
    "date": "2018-10-24",
    "symbol": "V",
    "eps": 1.21,
    "epsEstimated": 1.2,
    "time": "amc",
    "revenue": 5434000000,
    "revenueEstimated": 5389090909,
    "updatedFromDate": "2025-04-25",
    "fiscalDateEnding": "2018-09-30"
  },
  {
    "date": "2018-07-25",
    "symbol": "V",
    "eps": 1.2,
    "epsEstimated": 1.09,
    "time": "amc",
    "revenue": 5240000000,
    "revenueEstimated": 4759666666,
    "updatedFromDate": "2025-04-25",
    "fiscalDateEnding": "2018-06-30"
  },
  {
    "date": "2018-04-25",
    "symbol": "V",
    "eps": 1.11,
    "epsEstimated": 1.02,
    "time": "amc",
    "revenue": 5073000000,
    "revenueEstimated": 4661675675,
    "updatedFromDate": "2025-04-25",
    "fiscalDateEnding": "2018-03-31"
  },
  {
    "date": "2018-02-01",
    "symbol": "V",
    "eps": 1.08,
    "epsEstimated": 0.99,
    "time": "amc",
    "revenue": 4862000000,
    "revenueEstimated": 4456833333,
    "updatedFromDate": "2025-04-25",
    "fiscalDateEnding": "2017-12-31"
  },
  {
    "date": "2017-10-25",
    "symbol": "V",
    "eps": 0.9,
    "epsEstimated": 0.85,
    "time": "bmo",
    "revenue": 4855000000,
    "revenueEstimated": 4585277777,
    "updatedFromDate": "2025-04-25",
    "fiscalDateEnding": "2017-09-30"
  },
  {
    "date": "2017-07-20",
    "symbol": "V",
    "eps": 0.86,
    "epsEstimated": 0.81,
    "time": "amc",
    "revenue": 4565000000,
    "revenueEstimated": 4299593023,
    "updatedFromDate": "2025-04-25",
    "fiscalDateEnding": "2017-06-30"
  },
  {
    "date": "2017-04-20",
    "symbol": "V",
    "eps": 0.86,
    "epsEstimated": 0.79,
    "time": "amc",
    "revenue": 4477000000,
    "revenueEstimated": 4112593023,
    "updatedFromDate": "2025-04-25",
    "fiscalDateEnding": "2017-03-31"
  },
  {
    "date": "2017-02-02",
    "symbol": "V",
    "eps": 0.86,
    "epsEstimated": 0.78,
    "time": "amc",
    "revenue": 4461000000,
    "revenueEstimated": 4046023255,
    "updatedFromDate": "2025-04-25",
    "fiscalDateEnding": "2016-12-31"
  },
  {
    "date": "2016-10-24",
    "symbol": "V",
    "eps": 0.78,
    "epsEstimated": 0.73,
    "time": "amc",
    "revenue": 4261000000,
    "revenueEstimated": 3987858974,
    "updatedFromDate": "2025-04-25",
    "fiscalDateEnding": "2016-09-30"
  },
  {
    "date": "2016-07-21",
    "symbol": "V",
    "eps": 0.69,
    "epsEstimated": 0.67,
    "time": "amc",
    "revenue": 3630000000,
    "revenueEstimated": 3472173913,
    "updatedFromDate": "2025-04-25",
    "fiscalDateEnding": "2016-06-30"
  },
  {
    "date": "2016-04-21",
    "symbol": "V",
    "eps": 0.68,
    "epsEstimated": 0.67,
    "time": "amc",
    "revenue": 3626000000,
    "revenueEstimated": 3572676470,
    "updatedFromDate": "2025-04-25",
    "fiscalDateEnding": "2016-03-31"
  },
  {
    "date": "2016-01-28",
    "symbol": "V",
    "eps": 0.69,
    "epsEstimated": 0.68,
    "time": "amc",
    "revenue": 3565000000,
    "revenueEstimated": 3513333333,
    "updatedFromDate": "2025-04-25",
    "fiscalDateEnding": "2015-12-31"
  },
  {
    "date": "2015-11-02",
    "symbol": "V",
    "eps": 0.62,
    "epsEstimated": 0.63,
    "time": "bmo",
    "revenue": 3571000000,
    "revenueEstimated": 3628596774,
    "updatedFromDate": "2025-04-25",
    "fiscalDateEnding": "2015-09-30"
  },
  {
    "date": "2015-07-23",
    "symbol": "V",
    "eps": 0.63,
    "epsEstimated": 0.59,
    "time": "amc",
    "revenue": 3518000000,
    "revenueEstimated": 2804891891,
    "updatedFromDate": "2025-04-25",
    "fiscalDateEnding": "2015-06-30"
  },
  {
    "date": "2015-04-30",
    "symbol": "V",
    "eps": 0.63,
    "epsEstimated": 0.62,
    "time": "amc",
    "revenue": 3409000000,
    "revenueEstimated": 3354888888,
    "updatedFromDate": "2025-04-25",
    "fiscalDateEnding": "2015-03-31"
  },
  {
    "date": "2015-01-29",
    "symbol": "V",
    "eps": 0.63,
    "epsEstimated": 0.62,
    "time": "amc",
    "revenue": 3382000000,
    "revenueEstimated": 3328317460,
    "updatedFromDate": "2025-04-25",
    "fiscalDateEnding": "2014-12-31"
  },
  {
    "date": "2014-10-29",
    "symbol": "V",
    "eps": 0.55,
    "epsEstimated": 0.52,
    "time": "amc",
    "revenue": 3229000000,
    "revenueEstimated": 3111581818,
    "updatedFromDate": "2025-04-25",
    "fiscalDateEnding": "2014-09-30"
  },
  {
    "date": "2014-07-24",
    "symbol": "V",
    "eps": 0.54,
    "epsEstimated": 0.52,
    "time": "amc",
    "revenue": 3155000000,
    "revenueEstimated": 3038148148,
    "updatedFromDate": "2025-04-25",
    "fiscalDateEnding": "2014-06-30"
  },
  {
    "date": "2014-04-24",
    "symbol": "V",
    "eps": 0.55,
    "epsEstimated": 0.55,
    "time": "amc",
    "revenue": 3163000000,
    "revenueEstimated": 3163000000,
    "updatedFromDate": "2025-04-25",
    "fiscalDateEnding": "2014-03-31"
  },
  {
    "date": "2014-01-30",
    "symbol": "V",
    "eps": 0.55,
    "epsEstimated": 0.54,
    "time": "bmo",
    "revenue": 3155000000,
    "revenueEstimated": 3097636363,
    "updatedFromDate": "2025-04-25",
    "fiscalDateEnding": "2013-12-31"
  },
  {
    "date": "2013-10-30",
    "symbol": "V",
    "eps": 0.46,
    "epsEstimated": 0.46,
    "time": "amc",
    "revenue": 2973000000,
    "revenueEstimated": 2973000000,
    "updatedFromDate": "2025-04-25",
    "fiscalDateEnding": "2013-09-30"
  },
  {
    "date": "2013-07-24",
    "symbol": "V",
    "eps": 0.47,
    "epsEstimated": 0.45,
    "time": "amc",
    "revenue": 3001000000,
    "revenueEstimated": 2873297872,
    "updatedFromDate": "2025-04-25",
    "fiscalDateEnding": "2013-06-30"
  },
  {
    "date": "2013-05-01",
    "symbol": "V",
    "eps": 0.48,
    "epsEstimated": 0.45,
    "time": "amc",
    "revenue": 2958000000,
    "revenueEstimated": 2773125000,
    "updatedFromDate": "2025-04-25",
    "fiscalDateEnding": "2013-03-31"
  },
  {
    "date": "2013-02-06",
    "symbol": "V",
    "eps": 0.46,
    "epsEstimated": 0.45,
    "time": "amc",
    "revenue": 2846000000,
    "revenueEstimated": 2784130434,
    "updatedFromDate": "2025-04-25",
    "fiscalDateEnding": "2012-12-31"
  },
  {
    "date": "2012-10-31",
    "symbol": "V",
    "eps": 0.39,
    "epsEstimated": 0.37,
    "time": "amc",
    "revenue": 2731000000,
    "revenueEstimated": 2590948717,
    "updatedFromDate": "2025-04-25",
    "fiscalDateEnding": "2012-09-30"
  },
  {
    "date": "2012-07-25",
    "symbol": "V",
    "eps": -0.69,
    "epsEstimated": 0.36,
    "time": "amc",
    "revenue": 2565000000,
    "revenueEstimated": 2367692307,
    "updatedFromDate": "2025-04-25",
    "fiscalDateEnding": "2012-06-30"
  },
  {
    "date": "2012-05-02",
    "symbol": "V",
    "eps": 0.4,
    "epsEstimated": 0.38,
    "time": "amc",
    "revenue": 2578000000,
    "revenueEstimated": 2449100000,
    "updatedFromDate": "2025-04-25",
    "fiscalDateEnding": "2012-03-31"
  },
  {
    "date": "2012-02-08",
    "symbol": "V",
    "eps": 0.37,
    "epsEstimated": 0.36,
    "time": "amc",
    "revenue": 2547000000,
    "revenueEstimated": 2478162162,
    "updatedFromDate": "2025-04-25",
    "fiscalDateEnding": "2011-12-31"
  },
  {
    "date": "2011-10-26",
    "symbol": "V",
    "eps": 0.32,
    "epsEstimated": 0.31,
    "time": "amc",
    "revenue": 2383000000,
    "revenueEstimated": 2308531250,
    "updatedFromDate": "2025-04-25",
    "fiscalDateEnding": "2011-09-30"
  },
  {
    "date": "2011-07-27",
    "symbol": "V",
    "eps": 0.32,
    "epsEstimated": 0.31,
    "time": "amc",
    "revenue": 2322000000,
    "revenueEstimated": 2249437500,
    "updatedFromDate": "2025-04-25",
    "fiscalDateEnding": "2011-06-30"
  },
  {
    "date": "2011-05-05",
    "symbol": "V",
    "eps": 0.31,
    "epsEstimated": 0.3,
    "time": "amc",
    "revenue": 2245000000,
    "revenueEstimated": 2172580645,
    "updatedFromDate": "2025-04-25",
    "fiscalDateEnding": "2011-03-31"
  },
  {
    "date": "2011-02-02",
    "symbol": "V",
    "eps": 0.31,
    "epsEstimated": 0.3,
    "time": "amc",
    "revenue": 2238000000,
    "revenueEstimated": 2165806451,
    "updatedFromDate": "2025-04-25",
    "fiscalDateEnding": "2010-12-31"
  },
  {
    "date": "2010-10-27",
    "symbol": "V",
    "eps": 0.27,
    "epsEstimated": 0.24,
    "time": "amc",
    "revenue": 2117000000,
    "revenueEstimated": 1881777777,
    "updatedFromDate": "2025-04-25",
    "fiscalDateEnding": "2010-09-30"
  },
  {
    "date": "2010-07-28",
    "symbol": "V",
    "eps": 0.24,
    "epsEstimated": 0.23,
    "time": "amc",
    "revenue": 2029000000,
    "revenueEstimated": 1944458333,
    "updatedFromDate": "2025-04-25",
    "fiscalDateEnding": "2010-06-30"
  },
  {
    "date": "2010-04-28",
    "symbol": "V",
    "eps": 0.24,
    "epsEstimated": 0.23,
    "time": "amc",
    "revenue": 1959000000,
    "revenueEstimated": 1877375000,
    "updatedFromDate": "2025-04-25",
    "fiscalDateEnding": "2010-03-31"
  },
  {
    "date": "2010-02-03",
    "symbol": "V",
    "eps": 0.26,
    "epsEstimated": 0.23,
    "time": "amc",
    "revenue": 1960000000,
    "revenueEstimated": 1733846153,
    "updatedFromDate": "2025-04-25",
    "fiscalDateEnding": "2009-12-31"
  },
  {
    "date": "2009-10-27",
    "symbol": "V",
    "eps": 0.19,
    "epsEstimated": 0.18,
    "time": "amc",
    "revenue": 1879000000,
    "revenueEstimated": 1780105263,
    "updatedFromDate": "2025-04-25",
    "fiscalDateEnding": "2009-09-30"
  },
  {
    "date": "2009-07-29",
    "symbol": "V",
    "eps": 0.17,
    "epsEstimated": 0.16,
    "time": "amc",
    "revenue": 1646000000,
    "revenueEstimated": 1549176470,
    "updatedFromDate": "2025-04-25",
    "fiscalDateEnding": "2009-06-30"
  },
  {
    "date": "2009-04-29",
    "symbol": "V",
    "eps": 0.18,
    "epsEstimated": 0.16,
    "time": "bmo",
    "revenue": 1647000000,
    "revenueEstimated": 1464000000,
    "updatedFromDate": "2025-04-25",
    "fiscalDateEnding": "2009-03-31"
  },
  {
    "date": "2009-02-04",
    "symbol": "V",
    "eps": 0.2,
    "epsEstimated": 0.17,
    "time": "bmo",
    "revenue": 1739000000,
    "revenueEstimated": 1478150000,
    "updatedFromDate": "2025-04-25",
    "fiscalDateEnding": "2008-12-31"
  },
  {
    "date": "2008-10-29",
    "symbol": "V",
    "eps": 0.14,
    "epsEstimated": 0.14,
    "time": "bmo",
    "revenue": 1709000000,
    "revenueEstimated": 1709000000,
    "updatedFromDate": "2025-04-25",
    "fiscalDateEnding": "2008-09-30"
  },
  {
    "date": "2008-07-30",
    "symbol": "V",
    "eps": 0.15,
    "epsEstimated": 0.12,
    "time": "bmo",
    "revenue": 1613000000,
    "revenueEstimated": 1290400000,
    "updatedFromDate": "2025-04-25",
    "fiscalDateEnding": "2008-06-30"
  },
  {
    "date": "2008-05-13",
    "symbol": "V",
    "eps": 0.1009,
    "epsEstimated": null,
    "time": "amc",
    "revenue": 1453000000,
    "revenueEstimated": null,
    "updatedFromDate": "2025-04-25",
    "fiscalDateEnding": "2008-03-31"
  },
  {
    "date": "2008-04-28",
    "symbol": "V",
    "eps": 0.13,
    "epsEstimated": 0.11,
    "time": "bmo",
    "revenue": 1488000000,
    "revenueEstimated": 1229461538,
    "updatedFromDate": "2025-04-25",
    "fiscalDateEnding": "2007-12-31"
  },
  {
    "date": "2007-12-21",
    "symbol": "V",
    "eps": -0.56643,
    "epsEstimated": null,
    "time": "amc",
    "revenue": 991045000,
    "revenueEstimated": null,
    "updatedFromDate": "2025-04-25",
    "fiscalDateEnding": "2007-09-30"
  },
  {
    "date": "2007-06-29",
    "symbol": "V",
    "eps": 0.07919,
    "epsEstimated": null,
    "time": "amc",
    "revenue": 941000000,
    "revenueEstimated": null,
    "updatedFromDate": "2025-04-25",
    "fiscalDateEnding": "2007-06-30"
  },
  {
    "date": "2007-03-30",
    "symbol": "V",
    "eps": 0.06392,
    "epsEstimated": null,
    "time": "amc",
    "revenue": 813000000,
    "revenueEstimated": null,
    "updatedFromDate": "2025-04-25",
    "fiscalDateEnding": "2007-03-31"
  },
  {
    "date": "2006-12-30",
    "symbol": "V",
    "eps": 0.0728,
    "epsEstimated": null,
    "time": "amc",
    "revenue": 845000000,
    "revenueEstimated": null,
    "updatedFromDate": "2025-04-25",
    "fiscalDateEnding": "2006-12-31"
  },
  {
    "date": "2006-09-29",
    "symbol": "V",
    "eps": 0.0404,
    "epsEstimated": null,
    "time": "amc",
    "revenue": 744707000,
    "revenueEstimated": null,
    "updatedFromDate": "2025-04-25",
    "fiscalDateEnding": "2006-09-30"
  },
  {
    "date": "2006-06-29",
    "symbol": "V",
    "eps": 0.04471,
    "epsEstimated": null,
    "time": "amc",
    "revenue": 735990000,
    "revenueEstimated": null,
    "updatedFromDate": "2025-04-25",
    "fiscalDateEnding": "2006-06-30"
  }
]