[
  {
    "date": "2026-03-09",
    "symbol": "ORCL",
    "eps": null,
    "epsEstimated": 1.71,
    "time": "bmo",
    "revenue": null,
    "revenueEstimated": 16905622480,
    "updatedFromDate": "2026-02-07",
    "fiscalDateEnding": "2026-02-28"
  },
  {
    "date": "2025-12-10",
    "symbol": "ORCL",
    "eps": 2.26,
    "epsEstimated": 1.64,
    "time": "amc",
    "revenue": 16058000000,
    "revenueEstimated": 16192737220,
    "updatedFromDate": "2026-02-07",
    "fiscalDateEnding": "2025-11-30"
  },
  {
    "date": "2025-09-09",
    "symbol": "ORCL",
    "eps": 1.47,
    "epsEstimated": 1.48,
    "time": "amc",
    "revenue": 14926000000,
    "revenueEstimated": 15039481792,
    "updatedFromDate": "2026-01-26",
    "fiscalDateEnding": "2025-08-31"
  },
  {
    "date": "2025-06-11",
    "symbol": "ORCL",
    "eps": 1.7,
    "epsEstimated": 1.64,
    "time": "amc",
    "revenue": 15903000000,
    "revenueEstimated": 15581749411,
    "updatedFromDate": "2026-01-26",
    "fiscalDateEnding": "2025-05-31"
  },
  {
    "date": "2025-03-10",
    "symbol": "ORCL",
    "eps": 1.47,
    "epsEstimated": 1.49,
    "time": "amc",
    "revenue": 14130000000,
    "revenueEstimated": 14375389675,
    "updatedFromDate": "2026-01-26",
    "fiscalDateEnding": "2025-02-28"
  },
  {
    "date": "2024-12-09",
    "symbol": "ORCL",
    "eps": 1.47,
    "epsEstimated": 1.48,
    "time": "amc",
    "revenue": 14059000000,
    "revenueEstimated": 14117796631,
    "updatedFromDate": "2026-01-26",
    "fiscalDateEnding": "2024-11-30"
  },
  {
    "date": "2024-09-09",
    "symbol": "ORCL",
    "eps": 1.39,
    "epsEstimated": 1.33,
    "time": "amc",
    "revenue": 13307000000,
    "revenueEstimated": 13233301542,
    "updatedFromDate": "2026-01-26",
    "fiscalDateEnding": "2024-08-31"
  },
  {
    "date": "2024-06-11",
    "symbol": "ORCL",
    "eps": 1.63,
    "epsEstimated": 1.65,
    "time": "amc",
    "revenue": 14287000000,
    "revenueEstimated": 14562253539,
    "updatedFromDate": "2026-01-26",
    "fiscalDateEnding": "2024-05-31"
  },
  {
    "date": "2024-03-11",
    "symbol": "ORCL",
    "eps": 1.41,
    "epsEstimated": 1.38,
    "time": "amc",
    "revenue": 13280000000,
    "revenueEstimated": 13286481142,
    "updatedFromDate": "2026-01-26",
    "fiscalDateEnding": "2024-02-29"
  },
  {
    "date": "2023-12-11",
    "symbol": "ORCL",
    "eps": 1.34,
    "epsEstimated": 1.32,
    "time": "amc",
    "revenue": 12941000000,
    "revenueEstimated": 13048000000,
    "updatedFromDate": "2026-01-26",
    "fiscalDateEnding": "2023-11-30"
  },
  {
    "date": "2023-09-11",
    "symbol": "ORCL",
    "eps": 1.19,
    "epsEstimated": 1.14,
    "time": "amc",
    "revenue": 12453000000,
    "revenueEstimated": 12460000000,
    "updatedFromDate": "2026-01-26",
    "fiscalDateEnding": "2023-08-31"
  },
  {
    "date": "2023-06-12",
    "symbol": "ORCL",
    "eps": 1.67,
    "epsEstimated": 1.58,
    "time": "amc",
    "revenue": 13836000000,
    "revenueEstimated": 13730300000,
    "updatedFromDate": "2026-01-26",
    "fiscalDateEnding": "2023-05-31"
  },
  {
    "date": "2023-03-09",
    "symbol": "ORCL",
    "eps": 1.22,
    "epsEstimated": 1.2,
    "time": "amc",
    "revenue": 12398000000,
    "revenueEstimated": 13756200000,
    "updatedFromDate": "2026-01-26",
    "fiscalDateEnding": "2023-02-28"
  },
  {
    "date": "2022-12-12",
    "symbol": "ORCL",
    "eps": 1.21,
    "epsEstimated": 1.17,
    "time": "amc",
    "revenue": 12275000000,
    "revenueEstimated": 11959280734,
    "updatedFromDate": "2026-01-26",
    "fiscalDateEnding": "2022-11-30"
  },
  {
    "date": "2022-09-12",
    "symbol": "ORCL",
    "eps": 1.03,
    "epsEstimated": 1.07,
    "time": "amc",
    "revenue": 11445000000,
    "revenueEstimated": 11330148798,
    "updatedFromDate": "2026-01-26",
    "fiscalDateEnding": "2022-08-31"
  },
  {
    "date": "2022-06-13",
    "symbol": "ORCL",
    "eps": 1.54,
    "epsEstimated": 1.37,
    "time": "amc",
    "revenue": 11840000000,
    "revenueEstimated": 11609519992,
    "updatedFromDate": "2026-01-26",
    "fiscalDateEnding": "2022-05-31"
  },
  {
    "date": "2022-03-10",
    "symbol": "ORCL",
    "eps": 1.13,
    "epsEstimated": 1.18,
    "time": "amc",
    "revenue": 10513000000,
    "revenueEstimated": 10505668224,
    "updatedFromDate": "2026-01-26",
    "fiscalDateEnding": "2022-02-28"
  },
  {
    "date": "2021-12-09",
    "symbol": "ORCL",
    "eps": 1.21,
    "epsEstimated": 1.11,
    "time": "amc",
    "revenue": 10360000000,
    "revenueEstimated": 10509700000,
    "updatedFromDate": "2026-01-26",
    "fiscalDateEnding": "2021-11-30"
  },
  {
    "date": "2021-09-13",
    "symbol": "ORCL",
    "eps": 1.03,
    "epsEstimated": 0.97,
    "time": "amc",
    "revenue": 9728000000,
    "revenueEstimated": 9499105882,
    "updatedFromDate": "2026-01-26",
    "fiscalDateEnding": "2021-08-31"
  },
  {
    "date": "2021-06-15",
    "symbol": "ORCL",
    "eps": 1.54,
    "epsEstimated": 1.31,
    "time": "amc",
    "revenue": 11227000000,
    "revenueEstimated": 11049400000,
    "updatedFromDate": "2026-01-26",
    "fiscalDateEnding": "2021-05-31"
  },
  {
    "date": "2021-03-10",
    "symbol": "ORCL",
    "eps": 1.16,
    "epsEstimated": 1.11,
    "time": "amc",
    "revenue": 10085000000,
    "revenueEstimated": 10067800000,
    "updatedFromDate": "2026-01-26",
    "fiscalDateEnding": "2021-02-28"
  },
  {
    "date": "2020-12-10",
    "symbol": "ORCL",
    "eps": 1.06,
    "epsEstimated": 1,
    "time": "amc",
    "revenue": 9800000000,
    "revenueEstimated": 9359550561,
    "updatedFromDate": "2026-01-26",
    "fiscalDateEnding": "2020-11-30"
  },
  {
    "date": "2020-09-10",
    "symbol": "ORCL",
    "eps": 0.93,
    "epsEstimated": 0.86,
    "time": "amc",
    "revenue": 9367000000,
    "revenueEstimated": 8604569767,
    "updatedFromDate": "2026-01-26",
    "fiscalDateEnding": "2020-08-31"
  },
  {
    "date": "2020-06-16",
    "symbol": "ORCL",
    "eps": 1.2,
    "epsEstimated": 1.15,
    "time": "amc",
    "revenue": 10439000000,
    "revenueEstimated": 10004041666,
    "updatedFromDate": "2026-01-26",
    "fiscalDateEnding": "2020-05-31"
  },
  {
    "date": "2020-03-12",
    "symbol": "ORCL",
    "eps": 0.97,
    "epsEstimated": 0.96,
    "time": "amc",
    "revenue": 9796000000,
    "revenueEstimated": 9695010309,
    "updatedFromDate": "2026-01-26",
    "fiscalDateEnding": "2020-02-29"
  },
  {
    "date": "2019-12-12",
    "symbol": "ORCL",
    "eps": 0.9,
    "epsEstimated": 0.88,
    "time": "amc",
    "revenue": 9614000000,
    "revenueEstimated": 9507177777,
    "updatedFromDate": "2026-01-26",
    "fiscalDateEnding": "2019-11-30"
  },
  {
    "date": "2019-09-11",
    "symbol": "ORCL",
    "eps": 0.81,
    "epsEstimated": 0.81,
    "time": "amc",
    "revenue": 9218000000,
    "revenueEstimated": 9218000000,
    "updatedFromDate": "2026-01-26",
    "fiscalDateEnding": "2019-08-31"
  },
  {
    "date": "2019-06-19",
    "symbol": "ORCL",
    "eps": 1.16,
    "epsEstimated": 1.07,
    "time": "amc",
    "revenue": 11136000000,
    "revenueEstimated": 10272922413,
    "updatedFromDate": "2026-01-26",
    "fiscalDateEnding": "2019-05-31"
  },
  {
    "date": "2019-03-14",
    "symbol": "ORCL",
    "eps": 0.87,
    "epsEstimated": 0.84,
    "time": "amc",
    "revenue": 9614000000,
    "revenueEstimated": 9282482758,
    "updatedFromDate": "2026-01-26",
    "fiscalDateEnding": "2019-02-28"
  },
  {
    "date": "2018-12-17",
    "symbol": "ORCL",
    "eps": 0.8,
    "epsEstimated": 0.78,
    "time": "amc",
    "revenue": 9562000000,
    "revenueEstimated": 9322950000,
    "updatedFromDate": "2026-01-26",
    "fiscalDateEnding": "2018-11-30"
  },
  {
    "date": "2018-09-17",
    "symbol": "ORCL",
    "eps": 0.71,
    "epsEstimated": 0.69,
    "time": "amc",
    "revenue": 9193000000,
    "revenueEstimated": 8934042253,
    "updatedFromDate": "2026-01-26",
    "fiscalDateEnding": "2018-08-31"
  },
  {
    "date": "2018-06-19",
    "symbol": "ORCL",
    "eps": 0.99,
    "epsEstimated": 0.94,
    "time": "amc",
    "revenue": 11251000000,
    "revenueEstimated": 10457737373,
    "updatedFromDate": "2026-01-26",
    "fiscalDateEnding": "2018-05-31"
  },
  {
    "date": "2018-03-19",
    "symbol": "ORCL",
    "eps": 0.83,
    "epsEstimated": 0.72,
    "time": "amc",
    "revenue": 9771000000,
    "revenueEstimated": 8393638554,
    "updatedFromDate": "2026-01-26",
    "fiscalDateEnding": "2018-02-28"
  },
  {
    "date": "2017-12-14",
    "symbol": "ORCL",
    "eps": 0.7,
    "epsEstimated": 0.68,
    "time": "amc",
    "revenue": 9621000000,
    "revenueEstimated": 9315028571,
    "updatedFromDate": "2026-01-26",
    "fiscalDateEnding": "2017-11-30"
  },
  {
    "date": "2017-09-14",
    "symbol": "ORCL",
    "eps": 0.62,
    "epsEstimated": 0.6,
    "time": "amc",
    "revenue": 9187000000,
    "revenueEstimated": 8810322580,
    "updatedFromDate": "2026-01-26",
    "fiscalDateEnding": "2017-08-31"
  },
  {
    "date": "2017-06-21",
    "symbol": "ORCL",
    "eps": 0.89,
    "epsEstimated": 0.78,
    "time": "amc",
    "revenue": 10892000000,
    "revenueEstimated": 9546674157,
    "updatedFromDate": "2026-01-26",
    "fiscalDateEnding": "2017-05-31"
  },
  {
    "date": "2017-03-15",
    "symbol": "ORCL",
    "eps": 0.69,
    "epsEstimated": 0.62,
    "time": "amc",
    "revenue": 9205000000,
    "revenueEstimated": 8271159420,
    "updatedFromDate": "2026-01-26",
    "fiscalDateEnding": "2017-02-28"
  },
  {
    "date": "2016-12-15",
    "symbol": "ORCL",
    "eps": 0.61,
    "epsEstimated": 0.6,
    "time": "amc",
    "revenue": 9035000000,
    "revenueEstimated": 8886885245,
    "updatedFromDate": "2026-01-26",
    "fiscalDateEnding": "2016-11-30"
  },
  {
    "date": "2016-09-15",
    "symbol": "ORCL",
    "eps": 0.55,
    "epsEstimated": 0.58,
    "time": "amc",
    "revenue": 8595000000,
    "revenueEstimated": 9063818181,
    "updatedFromDate": "2026-01-26",
    "fiscalDateEnding": "2016-08-31"
  },
  {
    "date": "2016-06-16",
    "symbol": "ORCL",
    "eps": 0.81,
    "epsEstimated": 0.81,
    "time": "amc",
    "revenue": 10594000000,
    "revenueEstimated": 10724790123,
    "updatedFromDate": "2026-01-26",
    "fiscalDateEnding": "2016-05-31"
  },
  {
    "date": "2016-03-15",
    "symbol": "ORCL",
    "eps": 0.64,
    "epsEstimated": 0.62,
    "time": "amc",
    "revenue": 9012000000,
    "revenueEstimated": 8730375000,
    "updatedFromDate": "2026-01-26",
    "fiscalDateEnding": "2016-02-29"
  },
  {
    "date": "2015-12-16",
    "symbol": "ORCL",
    "eps": 0.63,
    "epsEstimated": 0.6,
    "time": "amc",
    "revenue": 8993000000,
    "revenueEstimated": 8564761904,
    "updatedFromDate": "2026-01-26",
    "fiscalDateEnding": "2015-11-30"
  },
  {
    "date": "2015-09-16",
    "symbol": "ORCL",
    "eps": 0.53,
    "epsEstimated": 0.52,
    "time": "amc",
    "revenue": 8448000000,
    "revenueEstimated": 8288603773,
    "updatedFromDate": "2026-01-26",
    "fiscalDateEnding": "2015-08-31"
  },
  {
    "date": "2015-06-17",
    "symbol": "ORCL",
    "eps": 0.78,
    "epsEstimated": 0.86,
    "time": "amc",
    "revenue": 10706000000,
    "revenueEstimated": 11804051282,
    "updatedFromDate": "2026-01-26",
    "fiscalDateEnding": "2015-05-31"
  },
  {
    "date": "2015-03-17",
    "symbol": "ORCL",
    "eps": 0.68,
    "epsEstimated": 0.68,
    "time": "amc",
    "revenue": 9327000000,
    "revenueEstimated": 9327000000,
    "updatedFromDate": "2026-01-26",
    "fiscalDateEnding": "2015-02-28"
  },
  {
    "date": "2014-12-17",
    "symbol": "ORCL",
    "eps": 0.69,
    "epsEstimated": 0.68,
    "time": "amc",
    "revenue": 9598000000,
    "revenueEstimated": 9457913043,
    "updatedFromDate": "2026-01-26",
    "fiscalDateEnding": "2014-11-30"
  },
  {
    "date": "2014-09-18",
    "symbol": "ORCL",
    "eps": 0.62,
    "epsEstimated": 0.64,
    "time": "amc",
    "revenue": 8596000000,
    "revenueEstimated": 8873290322,
    "updatedFromDate": "2026-01-26",
    "fiscalDateEnding": "2014-08-31"
  },
  {
    "date": "2014-06-19",
    "symbol": "ORCL",
    "eps": 0.92,
    "epsEstimated": 0.95,
    "time": "amc",
    "revenue": 11320000000,
    "revenueEstimated": 11689130434,
    "updatedFromDate": "2026-01-26",
    "fiscalDateEnding": "2014-05-31"
  },
  {
    "date": "2014-03-18",
    "symbol": "ORCL",
    "eps": 0.68,
    "epsEstimated": 0.7,
    "time": "amc",
    "revenue": 9307000000,
    "revenueEstimated": 9581764705,
    "updatedFromDate": "2026-01-26",
    "fiscalDateEnding": "2014-01-31"
  },
  {
    "date": "2013-12-18",
    "symbol": "ORCL",
    "eps": 0.69,
    "epsEstimated": 0.67,
    "time": "amc",
    "revenue": 9275000000,
    "revenueEstimated": 9007130434,
    "updatedFromDate": "2026-01-26",
    "fiscalDateEnding": "2013-11-30"
  },
  {
    "date": "2013-09-18",
    "symbol": "ORCL",
    "eps": 0.59,
    "epsEstimated": 0.56,
    "time": "amc",
    "revenue": 8372000000,
    "revenueEstimated": 7946305084,
    "updatedFromDate": "2026-01-26",
    "fiscalDateEnding": "2013-08-31"
  },
  {
    "date": "2013-06-20",
    "symbol": "ORCL",
    "eps": 0.87,
    "epsEstimated": 0.87,
    "time": "amc",
    "revenue": 10947000000,
    "revenueEstimated": 10947000000,
    "updatedFromDate": "2026-01-26",
    "fiscalDateEnding": "2013-05-31"
  },
  {
    "date": "2013-03-20",
    "symbol": "ORCL",
    "eps": 0.65,
    "epsEstimated": 0.66,
    "time": "amc",
    "revenue": 8958000000,
    "revenueEstimated": 9095815384,
    "updatedFromDate": "2026-01-26",
    "fiscalDateEnding": "2013-02-28"
  },
  {
    "date": "2012-12-18",
    "symbol": "ORCL",
    "eps": 0.64,
    "epsEstimated": 0.61,
    "time": "amc",
    "revenue": 9094000000,
    "revenueEstimated": 8667718750,
    "updatedFromDate": "2026-01-26",
    "fiscalDateEnding": "2012-11-30"
  },
  {
    "date": "2012-09-20",
    "symbol": "ORCL",
    "eps": 0.53,
    "epsEstimated": 0.53,
    "time": "amc",
    "revenue": 8181000000,
    "revenueEstimated": 8181000000,
    "updatedFromDate": "2026-01-26",
    "fiscalDateEnding": "2012-08-31"
  },
  {
    "date": "2012-06-18",
    "symbol": "ORCL",
    "eps": 0.82,
    "epsEstimated": 0.78,
    "time": "amc",
    "revenue": 10916000000,
    "revenueEstimated": 10383512195,
    "updatedFromDate": "2026-01-26",
    "fiscalDateEnding": "2012-05-31"
  },
  {
    "date": "2012-03-20",
    "symbol": "ORCL",
    "eps": 0.62,
    "epsEstimated": 0.56,
    "time": "amc",
    "revenue": 9039000000,
    "revenueEstimated": 8164258064,
    "updatedFromDate": "2026-01-26",
    "fiscalDateEnding": "2012-02-29"
  },
  {
    "date": "2011-12-20",
    "symbol": "ORCL",
    "eps": 0.54,
    "epsEstimated": 0.57,
    "time": "amc",
    "revenue": 8792000000,
    "revenueEstimated": 9280444444,
    "updatedFromDate": "2026-01-26",
    "fiscalDateEnding": "2011-11-30"
  },
  {
    "date": "2011-09-20",
    "symbol": "ORCL",
    "eps": 0.48,
    "epsEstimated": 0.46,
    "time": "amc",
    "revenue": 8374000000,
    "revenueEstimated": 8025083333,
    "updatedFromDate": "2026-01-26",
    "fiscalDateEnding": "2011-08-31"
  },
  {
    "date": "2011-06-23",
    "symbol": "ORCL",
    "eps": 0.75,
    "epsEstimated": 0.71,
    "time": "amc",
    "revenue": 10775000000,
    "revenueEstimated": 10200333333,
    "updatedFromDate": "2026-01-26",
    "fiscalDateEnding": "2011-05-31"
  },
  {
    "date": "2011-03-24",
    "symbol": "ORCL",
    "eps": 0.54,
    "epsEstimated": 0.5,
    "time": "amc",
    "revenue": 8764000000,
    "revenueEstimated": 8114814814,
    "updatedFromDate": "2026-01-26",
    "fiscalDateEnding": "2011-02-28"
  },
  {
    "date": "2010-12-16",
    "symbol": "ORCL",
    "eps": 0.51,
    "epsEstimated": 0.46,
    "time": "amc",
    "revenue": 8582000000,
    "revenueEstimated": 7740627450,
    "updatedFromDate": "2026-01-26",
    "fiscalDateEnding": "2010-11-30"
  },
  {
    "date": "2010-09-16",
    "symbol": "ORCL",
    "eps": 0.42,
    "epsEstimated": 0.37,
    "time": "amc",
    "revenue": 7502000000,
    "revenueEstimated": 6608904761,
    "updatedFromDate": "2026-01-26",
    "fiscalDateEnding": "2010-08-31"
  },
  {
    "date": "2010-06-24",
    "symbol": "ORCL",
    "eps": 0.6,
    "epsEstimated": 0.54,
    "time": "amc",
    "revenue": 9505000000,
    "revenueEstimated": 8554500000,
    "updatedFromDate": "2026-01-26",
    "fiscalDateEnding": "2010-05-31"
  },
  {
    "date": "2010-03-25",
    "symbol": "ORCL",
    "eps": 0.38,
    "epsEstimated": 0.37,
    "time": "amc",
    "revenue": 6404000000,
    "revenueEstimated": 6235473684,
    "updatedFromDate": "2026-01-26",
    "fiscalDateEnding": "2010-02-28"
  },
  {
    "date": "2009-12-17",
    "symbol": "ORCL",
    "eps": 0.39,
    "epsEstimated": 0.36,
    "time": "amc",
    "revenue": 5858000000,
    "revenueEstimated": 5407384615,
    "updatedFromDate": "2026-01-26",
    "fiscalDateEnding": "2009-11-30"
  },
  {
    "date": "2009-09-16",
    "symbol": "ORCL",
    "eps": 0.3,
    "epsEstimated": 0.3,
    "time": "amc",
    "revenue": 5054000000,
    "revenueEstimated": 5054000000,
    "updatedFromDate": "2026-01-26",
    "fiscalDateEnding": "2009-08-31"
  },
  {
    "date": "2009-06-23",
    "symbol": "ORCL",
    "eps": 0.46,
    "epsEstimated": 0.44,
    "time": "amc",
    "revenue": 6861000000,
    "revenueEstimated": 6562695652,
    "updatedFromDate": "2026-01-26",
    "fiscalDateEnding": "2009-05-31"
  },
  {
    "date": "2009-03-18",
    "symbol": "ORCL",
    "eps": 0.35,
    "epsEstimated": 0.32,
    "time": "bmo",
    "revenue": 5453000000,
    "revenueEstimated": 4985600000,
    "updatedFromDate": "2026-01-26",
    "fiscalDateEnding": "2009-02-28"
  },
  {
    "date": "2008-12-18",
    "symbol": "ORCL",
    "eps": 0.34,
    "epsEstimated": 0.34,
    "time": "bmo",
    "revenue": 5607000000,
    "revenueEstimated": 5607000000,
    "updatedFromDate": "2026-01-26",
    "fiscalDateEnding": "2008-11-30"
  },
  {
    "date": "2008-09-18",
    "symbol": "ORCL",
    "eps": 0.29,
    "epsEstimated": 0.27,
    "time": "bmo",
    "revenue": 5331000000,
    "revenueEstimated": 4963344827,
    "updatedFromDate": "2026-01-26",
    "fiscalDateEnding": "2008-08-31"
  },
  {
    "date": "2008-06-25",
    "symbol": "ORCL",
    "eps": 0.47,
    "epsEstimated": 0.44,
    "time": "bmo",
    "revenue": 7239000000,
    "revenueEstimated": 6776936170,
    "updatedFromDate": "2026-01-26",
    "fiscalDateEnding": "2008-05-31"
  },
  {
    "date": "2008-03-26",
    "symbol": "ORCL",
    "eps": 0.3,
    "epsEstimated": 0.3,
    "time": "bmo",
    "revenue": 5349000000,
    "revenueEstimated": 5349000000,
    "updatedFromDate": "2026-01-26",
    "fiscalDateEnding": "2008-02-29"
  },
  {
    "date": "2007-12-19",
    "symbol": "ORCL",
    "eps": 0.31,
    "epsEstimated": 0.27,
    "time": "bmo",
    "revenue": 5313000000,
    "revenueEstimated": 4627451612,
    "updatedFromDate": "2026-01-26",
    "fiscalDateEnding": "2007-11-30"
  },
  {
    "date": "2007-09-20",
    "symbol": "ORCL",
    "eps": 0.22,
    "epsEstimated": 0.21,
    "time": "bmo",
    "revenue": 4529000000,
    "revenueEstimated": 4323136363,
    "updatedFromDate": "2026-01-26",
    "fiscalDateEnding": "2007-08-31"
  },
  {
    "date": "2007-06-26",
    "symbol": "ORCL",
    "eps": 0.37,
    "epsEstimated": 0.35,
    "time": "bmo",
    "revenue": 5829000000,
    "revenueEstimated": 5512972972,
    "updatedFromDate": "2026-01-26",
    "fiscalDateEnding": "2007-05-31"
  },
  {
    "date": "2007-03-20",
    "symbol": "ORCL",
    "eps": 0.25,
    "epsEstimated": 0.23,
    "time": "bmo",
    "revenue": 4414000000,
    "revenueEstimated": 4060880000,
    "updatedFromDate": "2026-01-26",
    "fiscalDateEnding": "2007-02-28"
  },
  {
    "date": "2006-12-18",
    "symbol": "ORCL",
    "eps": 0.22,
    "epsEstimated": 0.22,
    "time": "bmo",
    "revenue": 4163000000,
    "revenueEstimated": 4163000000,
    "updatedFromDate": "2026-01-26",
    "fiscalDateEnding": "2006-11-30"
  },
  {
    "date": "2006-09-19",
    "symbol": "ORCL",
    "eps": 0.18,
    "epsEstimated": 0.16,
    "time": "bmo",
    "revenue": 3591000000,
    "revenueEstimated": 3192000000,
    "updatedFromDate": "2026-01-26",
    "fiscalDateEnding": "2006-08-31"
  },
  {
    "date": "2006-07-21",
    "symbol": "ORCL",
    "eps": 0.2492,
    "epsEstimated": null,
    "time": "amc",
    "revenue": 4851000000,
    "revenueEstimated": null,
    "updatedFromDate": "2026-01-26",
    "fiscalDateEnding": "2006-05-31"
  },
  {
    "date": "2006-03-20",
    "symbol": "ORCL",
    "eps": 0.19,
    "epsEstimated": 0.18,
    "time": "bmo",
    "revenue": 3470000000,
    "revenueEstimated": 3277222222,
    "updatedFromDate": "2026-01-26",
    "fiscalDateEnding": "2006-02-28"
  },
  {
    "date": "2005-12-15",
    "symbol": "ORCL",
    "eps": 0.19,
    "epsEstimated": 0.19,
    "time": "bmo",
    "revenue": 3292000000,
    "revenueEstimated": 3292000000,
    "updatedFromDate": "2026-01-26",
    "fiscalDateEnding": "2005-11-30"
  },
  {
    "date": "2005-09-22",
    "symbol": "ORCL",
    "eps": 0.14,
    "epsEstimated": 0.14,
    "time": "bmo",
    "revenue": 2768000000,
    "revenueEstimated": 2768000000,
    "updatedFromDate": "2026-01-26",
    "fiscalDateEnding": "2005-08-31"
  },
  {
    "date": "2005-06-29",
    "symbol": "ORCL",
    "eps": 0.26,
    "epsEstimated": 0.23,
    "time": "bmo",
    "revenue": 3878000000,
    "revenueEstimated": 3372173913,
    "updatedFromDate": "2026-01-26",
    "fiscalDateEnding": "2005-05-31"
  },
  {
    "date": "2005-03-22",
    "symbol": "ORCL",
    "eps": 0.16,
    "epsEstimated": 0.15,
    "time": "bmo",
    "revenue": 2950000000,
    "revenueEstimated": 2753333333,
    "updatedFromDate": "2026-01-26",
    "fiscalDateEnding": "2005-02-28"
  },
  {
    "date": "2004-12-13",
    "symbol": "ORCL",
    "eps": 0.16,
    "epsEstimated": 0.14,
    "time": "bmo",
    "revenue": 2756000000,
    "revenueEstimated": 2362285714,
    "updatedFromDate": "2026-01-26",
    "fiscalDateEnding": "2004-11-30"
  },
  {
    "date": "2004-09-14",
    "symbol": "ORCL",
    "eps": 0.1,
    "epsEstimated": 0.09,
    "time": "bmo",
    "revenue": 2215000000,
    "revenueEstimated": 1968888888,
    "updatedFromDate": "2026-01-26",
    "fiscalDateEnding": "2004-08-31"
  },
  {
    "date": "2004-06-15",
    "symbol": "ORCL",
    "eps": 0.19,
    "epsEstimated": 0.18,
    "time": "bmo",
    "revenue": 3076000000,
    "revenueEstimated": 2905111111,
    "updatedFromDate": "2026-01-26",
    "fiscalDateEnding": "2004-05-31"
  },
  {
    "date": "2004-02-29",
    "symbol": "ORCL",
    "eps": 0.119,
    "epsEstimated": null,
    "time": "amc",
    "revenue": 2509000000,
    "revenueEstimated": null,
    "updatedFromDate": "2026-01-26",
    "fiscalDateEnding": "2004-02-29"
  },
  {
    "date": "2003-12-15",
    "symbol": "ORCL",
    "eps": 0.12,
    "epsEstimated": 0.11,
    "time": "bmo",
    "revenue": 2498000000,
    "revenueEstimated": 2270909090,
    "updatedFromDate": "2026-01-26",
    "fiscalDateEnding": "2003-11-30"
  },
  {
    "date": "2003-09-12",
    "symbol": "ORCL",
    "eps": 0.08,
    "epsEstimated": 0.08,
    "time": "bmo",
    "revenue": 2072000000,
    "revenueEstimated": 2072000000,
    "updatedFromDate": "2026-01-26",
    "fiscalDateEnding": "2003-08-31"
  },
  {
    "date": "2003-06-12",
    "symbol": "ORCL",
    "eps": 0.16,
    "epsEstimated": 0.14,
    "time": "bmo",
    "revenue": 2832000000,
    "revenueEstimated": 2427428571,
    "updatedFromDate": "2026-01-26",
    "fiscalDateEnding": "2003-05-31"
  },
  {
    "date": "2003-03-18",
    "symbol": "ORCL",
    "eps": 0.11,
    "epsEstimated": 0.1,
    "time": "bmo",
    "revenue": 2307000000,
    "revenueEstimated": 2076300000,
    "updatedFromDate": "2026-01-26",
    "fiscalDateEnding": "2003-02-28"
  },
  {
    "date": "2002-12-18",
    "symbol": "ORCL",
    "eps": 0.1,
    "epsEstimated": 0.08,
    "time": "bmo",
    "revenue": 2309000000,
    "revenueEstimated": 1731750000,
    "updatedFromDate": "2026-01-26",
    "fiscalDateEnding": "2002-11-30"
  },
  {
    "date": "2002-09-17",
    "symbol": "ORCL",
    "eps": 0.07,
    "epsEstimated": 0.07,
    "time": "bmo",
    "revenue": 2028000000,
    "revenueEstimated": 2028000000,
    "updatedFromDate": "2026-01-26",
    "fiscalDateEnding": "2002-08-31"
  },
  {
    "date": "2002-06-18",
    "symbol": "ORCL",
    "eps": 0.14,
    "epsEstimated": 0.12,
    "time": "bmo",
    "revenue": 2844277000,
    "revenueEstimated": 2370230833,
    "updatedFromDate": "2026-01-26",
    "fiscalDateEnding": "2002-05-31"
  },
  {
    "date": "2002-02-28",
    "symbol": "ORCL",
    "eps": 0.0896,
    "epsEstimated": null,
    "time": "amc",
    "revenue": 2229343000,
    "revenueEstimated": null,
    "updatedFromDate": "2026-01-26",
    "fiscalDateEnding": "2002-02-28"
  },
  {
    "date": "2001-12-13",
    "symbol": "ORCL",
    "eps": 0.1,
    "epsEstimated": 0.1,
    "time": "bmo",
    "revenue": 2357335000,
    "revenueEstimated": 2357335000,
    "updatedFromDate": "2026-01-26",
    "fiscalDateEnding": "2001-11-30"
  },
  {
    "date": "2001-09-13",
    "symbol": "ORCL",
    "eps": 0.09,
    "epsEstimated": 0.08,
    "time": "bmo",
    "revenue": 2242045000,
    "revenueEstimated": 1961789375,
    "updatedFromDate": "2026-01-26",
    "fiscalDateEnding": "2001-08-31"
  },
  {
    "date": "2001-06-18",
    "symbol": "ORCL",
    "eps": 0.15,
    "epsEstimated": 0.14,
    "time": "bmo",
    "revenue": 3263884000,
    "revenueEstimated": 3030749428,
    "updatedFromDate": "2026-01-26",
    "fiscalDateEnding": "2001-05-31"
  },
  {
    "date": "2001-03-15",
    "symbol": "ORCL",
    "eps": 0.1,
    "epsEstimated": 0.1,
    "time": "bmo",
    "revenue": 2674367000,
    "revenueEstimated": 2674367000,
    "updatedFromDate": "2026-01-26",
    "fiscalDateEnding": "2001-02-28"
  },
  {
    "date": "2000-12-14",
    "symbol": "ORCL",
    "eps": 0.11,
    "epsEstimated": 0.1,
    "time": "bmo",
    "revenue": 2659546000,
    "revenueEstimated": 2393591400,
    "updatedFromDate": "2026-01-26",
    "fiscalDateEnding": "2000-11-30"
  },
  {
    "date": "2000-09-14",
    "symbol": "ORCL",
    "eps": 0.09,
    "epsEstimated": 0.06,
    "time": "bmo",
    "revenue": 2261875000,
    "revenueEstimated": 1866046875,
    "updatedFromDate": "2026-01-26",
    "fiscalDateEnding": "2000-08-31"
  },
  {
    "date": "2000-06-20",
    "symbol": "ORCL",
    "eps": 0.16,
    "epsEstimated": 0.13,
    "time": "bmo",
    "revenue": 3374310000,
    "revenueEstimated": 2595623076,
    "updatedFromDate": "2026-01-26",
    "fiscalDateEnding": "2000-05-31"
  },
  {
    "date": "2000-03-14",
    "symbol": "ORCL",
    "eps": 0.09,
    "epsEstimated": 0.07,
    "time": "bmo",
    "revenue": 2449418000,
    "revenueEstimated": 1749584285,
    "updatedFromDate": "2026-01-26",
    "fiscalDateEnding": "2000-02-29"
  },
  {
    "date": "1999-12-14",
    "symbol": "ORCL",
    "eps": 0.07,
    "epsEstimated": 0.05,
    "time": "bmo",
    "revenue": 2321883000,
    "revenueEstimated": 2298664168,
    "updatedFromDate": "2026-01-26",
    "fiscalDateEnding": "1999-11-30"
  },
  {
    "date": "1999-09-14",
    "symbol": "ORCL",
    "eps": 0.04,
    "epsEstimated": 0.03969,
    "time": "bmo",
    "revenue": 1984517000,
    "revenueEstimated": 1984517000,
    "updatedFromDate": "2026-01-26",
    "fiscalDateEnding": "1999-08-31"
  },
  {
    "date": "1999-06-15",
    "symbol": "ORCL",
    "eps": 0.09,
    "epsEstimated": 0.08,
    "time": "bmo",
    "revenue": 2943278000,
    "revenueEstimated": 2575368250,
    "updatedFromDate": "2026-01-26",
    "fiscalDateEnding": "1999-05-31"
  },
  {
    "date": "1999-02-28",
    "symbol": "ORCL",
    "eps": 0.04903,
    "epsEstimated": null,
    "time": "amc",
    "revenue": 2078919000,
    "revenueEstimated": null,
    "updatedFromDate": "2026-01-26",
    "fiscalDateEnding": "1999-02-28"
  },
  {
    "date": "1998-11-30",
    "symbol": "ORCL",
    "eps": 0.04646,
    "epsEstimated": null,
    "time": "amc",
    "revenue": 2055944000,
    "revenueEstimated": null,
    "updatedFromDate": "2026-01-26",
    "fiscalDateEnding": "1998-11-30"
  },
  {
    "date": "1998-08-31",
    "symbol": "ORCL",
    "eps": 0.03351,
    "epsEstimated": null,
    "time": "amc",
    "revenue": 1749110000,
    "revenueEstimated": null,
    "updatedFromDate": "2026-01-26",
    "fiscalDateEnding": "1998-08-31"
  },
  {
    "date": "1998-06-17",
    "symbol": "ORCL",
    "eps": 0.07,
    "epsEstimated": 0.06,
    "time": "bmo",
    "revenue": 2412553000,
    "revenueEstimated": 2010460833,
    "updatedFromDate": "2026-01-26",
    "fiscalDateEnding": "1998-05-31"
  },
  {
    "date": "1998-02-28",
    "symbol": "ORCL",
    "eps": 0.03615,
    "epsEstimated": null,
    "time": "amc",
    "revenue": 1748757000,
    "revenueEstimated": null,
    "updatedFromDate": "2026-01-26",
    "fiscalDateEnding": "1998-02-28"
  },
  {
    "date": "1997-12-08",
    "symbol": "ORCL",
    "eps": 0.03,
    "epsEstimated": 0.03667,
    "time": "bmo",
    "revenue": 1368829000,
    "revenueEstimated": 2017158750,
    "updatedFromDate": "2026-01-26",
    "fiscalDateEnding": "1997-08-31"
  },
  {
    "date": "1997-11-30",
    "symbol": "ORCL",
    "eps": 0.03157,
    "epsEstimated": null,
    "time": "amc",
    "revenue": 1613727000,
    "revenueEstimated": null,
    "updatedFromDate": "2026-01-26",
    "fiscalDateEnding": "1997-11-30"
  },
  {
    "date": "1997-06-17",
    "symbol": "ORCL",
    "eps": 0.06,
    "epsEstimated": 0.06,
    "time": "bmo",
    "revenue": 1948031000,
    "revenueEstimated": 1948031000,
    "updatedFromDate": "2026-01-26",
    "fiscalDateEnding": "1997-05-31"
  },
  {
    "date": "1997-02-28",
    "symbol": "ORCL",
    "eps": 0.02849,
    "epsEstimated": null,
    "time": "amc",
    "revenue": 1372612000,
    "revenueEstimated": null,
    "updatedFromDate": "2026-01-26",
    "fiscalDateEnding": "1997-02-28"
  },
  {
    "date": "1996-11-30",
    "symbol": "ORCL",
    "eps": 0.0301,
    "epsEstimated": null,
    "time": "amc",
    "revenue": 1311373000,
    "revenueEstimated": null,
    "updatedFromDate": "2026-01-26",
    "fiscalDateEnding": "1996-11-30"
  },
  {
    "date": "1996-09-12",
    "symbol": "ORCL",
    "eps": 0.02,
    "epsEstimated": 0.02062,
    "time": "amc",
    "revenue": 1052300000,
    "revenueEstimated": null,
    "updatedFromDate": "2026-01-26",
    "fiscalDateEnding": "1996-08-31"
  },
  {
    "date": "1996-06-20",
    "symbol": "ORCL",
    "eps": 0.04,
    "epsEstimated": 0.03737,
    "time": "amc",
    "revenue": 1464074000,
    "revenueEstimated": null,
    "updatedFromDate": "2026-01-26",
    "fiscalDateEnding": "1996-05-31"
  },
  {
    "date": "1996-03-14",
    "symbol": "ORCL",
    "eps": 0.02,
    "epsEstimated": 0.02061,
    "time": "amc",
    "revenue": 1020239000,
    "revenueEstimated": null,
    "updatedFromDate": "2026-01-26",
    "fiscalDateEnding": "1996-02-29"
  },
  {
    "date": "1995-12-14",
    "symbol": "ORCL",
    "eps": 0.02,
    "epsEstimated": 0.01913,
    "time": "amc",
    "revenue": 967184000,
    "revenueEstimated": null,
    "updatedFromDate": "2026-01-26",
    "fiscalDateEnding": "1995-11-30"
  },
  {
    "date": "1995-09-14",
    "symbol": "ORCL",
    "eps": 0.00843,
    "epsEstimated": null,
    "time": "amc",
    "revenue": 771803000,
    "revenueEstimated": null,
    "updatedFromDate": "2026-01-26",
    "fiscalDateEnding": "1995-08-31"
  },
  {
    "date": "1995-06-22",
    "symbol": "ORCL",
    "eps": 0.03,
    "epsEstimated": 0.02791,
    "time": "amc",
    "revenue": 1017900000,
    "revenueEstimated": null,
    "updatedFromDate": "2026-01-26",
    "fiscalDateEnding": "1995-05-31"
  },
  {
    "date": "1995-03-21",
    "symbol": "ORCL",
    "eps": 0.02,
    "epsEstimated": 0.0194,
    "time": "amc",
    "revenue": 722200000,
    "revenueEstimated": null,
    "updatedFromDate": "2026-01-26",
    "fiscalDateEnding": "1995-02-28"
  },
  {
    "date": "1994-12-20",
    "symbol": "ORCL",
    "eps": 0.02,
    "epsEstimated": null,
    "time": "amc",
    "revenue": 670300000,
    "revenueEstimated": null,
    "updatedFromDate": "2026-01-26",
    "fiscalDateEnding": "1994-11-30"
  },
  {
    "date": "1994-09-22",
    "symbol": "ORCL",
    "eps": 0.00967,
    "epsEstimated": null,
    "time": "amc",
    "revenue": 556500000,
    "revenueEstimated": null,
    "updatedFromDate": "2026-01-26",
    "fiscalDateEnding": "1994-08-31"
  },
  {
    "date": "1994-06-23",
    "symbol": "ORCL",
    "eps": 0.02,
    "epsEstimated": 0.01817,
    "time": "amc",
    "revenue": 668100000,
    "revenueEstimated": null,
    "updatedFromDate": "2026-01-26",
    "fiscalDateEnding": "1994-05-31"
  },
  {
    "date": "1994-03-22",
    "symbol": "ORCL",
    "eps": 0.01401,
    "epsEstimated": null,
    "time": "amc",
    "revenue": 482800000,
    "revenueEstimated": null,
    "updatedFromDate": "2026-01-26",
    "fiscalDateEnding": "1994-02-28"
  },
  {
    "date": "1993-12-21",
    "symbol": "ORCL",
    "eps": 0.01,
    "epsEstimated": null,
    "time": "amc",
    "revenue": 452200000,
    "revenueEstimated": null,
    "updatedFromDate": "2026-01-26",
    "fiscalDateEnding": "1993-11-30"
  },
  {
    "date": "1993-09-21",
    "symbol": "ORCL",
    "eps": 0.0065,
    "epsEstimated": null,
    "time": "amc",
    "revenue": 398100000,
    "revenueEstimated": null,
    "updatedFromDate": "2026-01-26",
    "fiscalDateEnding": "1993-08-31"
  },
  {
    "date": "1993-06-29",
    "symbol": "ORCL",
    "eps": 0.01196,
    "epsEstimated": null,
    "time": "amc",
    "revenue": 472600000,
    "revenueEstimated": null,
    "updatedFromDate": "2026-01-26",
    "fiscalDateEnding": "1993-05-31"
  },
  {
    "date": "1993-03-23",
    "symbol": "ORCL",
    "eps": 0.00506,
    "epsEstimated": null,
    "time": "amc",
    "revenue": 370100000,
    "revenueEstimated": null,
    "updatedFromDate": "2026-01-26",
    "fiscalDateEnding": "1993-02-28"
  },
  {
    "date": "1992-11-30",
    "symbol": "ORCL",
    "eps": 0.00584,
    "epsEstimated": null,
    "time": "amc",
    "revenue": 353200000,
    "revenueEstimated": null,
    "updatedFromDate": "2026-01-26",
    "fiscalDateEnding": "1992-11-30"
  },
  {
    "date": "1992-08-31",
    "symbol": "ORCL",
    "eps": -0.0059,
    "epsEstimated": null,
    "time": "amc",
    "revenue": 306900000,
    "revenueEstimated": null,
    "updatedFromDate": "2026-01-26",
    "fiscalDateEnding": "1992-08-31"
  },
  {
    "date": "1992-05-31",
    "symbol": "ORCL",
    "eps": 0.00513,
    "epsEstimated": null,
    "time": "amc",
    "revenue": 360200000,
    "revenueEstimated": null,
    "updatedFromDate": "2026-01-26",
    "fiscalDateEnding": "1992-05-31"
  },
  {
    "date": "1992-02-29",
    "symbol": "ORCL",
    "eps": 0.00299,
    "epsEstimated": null,
    "time": "amc",
    "revenue": 289600000,
    "revenueEstimated": null,
    "updatedFromDate": "2026-01-26",
    "fiscalDateEnding": "1992-02-29"
  },
  {
    "date": "1991-11-30",
    "symbol": "ORCL",
    "eps": 0.00243,
    "epsEstimated": null,
    "time": "amc",
    "revenue": 283900000,
    "revenueEstimated": null,
    "updatedFromDate": "2026-01-26",
    "fiscalDateEnding": "1991-11-30"
  },
  {
    "date": "1991-08-31",
    "symbol": "ORCL",
    "eps": 0.00043,
    "epsEstimated": null,
    "time": "amc",
    "revenue": 244700000,
    "revenueEstimated": null,
    "updatedFromDate": "2026-01-26",
    "fiscalDateEnding": "1991-08-31"
  },
  {
    "date": "1991-05-31",
    "symbol": "ORCL",
    "eps": 0.00086,
    "epsEstimated": null,
    "time": "amc",
    "revenue": 285900000,
    "revenueEstimated": null,
    "updatedFromDate": "2026-01-26",
    "fiscalDateEnding": "1991-05-31"
  },
  {
    "date": "1991-02-28",
    "symbol": "ORCL",
    "eps": 0.00218,
    "epsEstimated": null,
    "time": "amc",
    "revenue": 269500000,
    "revenueEstimated": null,
    "updatedFromDate": "2026-01-26",
    "fiscalDateEnding": "1991-02-28"
  },
  {
    "date": "1990-11-30",
    "symbol": "ORCL",
    "eps": 0.0012,
    "epsEstimated": null,
    "time": "amc",
    "revenue": 268700000,
    "revenueEstimated": null,
    "updatedFromDate": "2026-01-26",
    "fiscalDateEnding": "1990-11-30"
  },
  {
    "date": "1990-08-31",
    "symbol": "ORCL",
    "eps": -0.00675,
    "epsEstimated": null,
    "time": "amc",
    "revenue": 203700000,
    "revenueEstimated": null,
    "updatedFromDate": "2026-01-26",
    "fiscalDateEnding": "1990-08-31"
  },
  {
    "date": "1990-05-31",
    "symbol": "ORCL",
    "eps": 0.01004,
    "epsEstimated": null,
    "time": "amc",
    "revenue": 334400000,
    "revenueEstimated": null,
    "updatedFromDate": "2026-01-26",
    "fiscalDateEnding": "1990-05-31"
  },
  {
    "date": "1990-02-28",
    "symbol": "ORCL",
    "eps": 0.00461,
    "epsEstimated": null,
    "time": "amc",
    "revenue": 236400000,
    "revenueEstimated": null,
    "updatedFromDate": "2026-01-26",
    "fiscalDateEnding": "1990-02-28"
  },
  {
    "date": "1989-11-30",
    "symbol": "ORCL",
    "eps": 0.00554,
    "epsEstimated": null,
    "time": "amc",
    "revenue": 224600000,
    "revenueEstimated": null,
    "updatedFromDate": "2026-01-26",
    "fiscalDateEnding": "1989-11-30"
  },
  {
    "date": "1989-08-31",
    "symbol": "ORCL",
    "eps": 0.00241,
    "epsEstimated": null,
    "time": "amc",
    "revenue": 175500000,
    "revenueEstimated": null,
    "updatedFromDate": "2026-01-26",
    "fiscalDateEnding": "1989-08-31"
  },
  {
    "date": "1989-05-31",
    "symbol": "ORCL",
    "eps": 0.00691,
    "epsEstimated": null,
    "time": "amc",
    "revenue": 216000000,
    "revenueEstimated": null,
    "updatedFromDate": "2026-01-26",
    "fiscalDateEnding": "1989-05-31"
  },
  {
    "date": "1989-02-28",
    "symbol": "ORCL",
    "eps": 0.00494,
    "epsEstimated": null,
    "time": "amc",
    "revenue": 153400000,
    "revenueEstimated": null,
    "updatedFromDate": "2026-01-26",
    "fiscalDateEnding": "1989-02-28"
  },
  {
    "date": "1988-11-30",
    "symbol": "ORCL",
    "eps": 0.00352,
    "epsEstimated": null,
    "time": "amc",
    "revenue": 123700000,
    "revenueEstimated": null,
    "updatedFromDate": "2026-01-26",
    "fiscalDateEnding": "1988-11-30"
  },
  {
    "date": "1988-08-31",
    "symbol": "ORCL",
    "eps": 0.00149,
    "epsEstimated": null,
    "time": "amc",
    "revenue": 90600000,
    "revenueEstimated": null,
    "updatedFromDate": "2026-01-26",
    "fiscalDateEnding": "1988-08-31"
  },
  {
    "date": "1988-05-31",
    "symbol": "ORCL",
    "eps": 0.00406,
    "epsEstimated": null,
    "time": "amc",
    "revenue": 104200000,
    "revenueEstimated": null,
    "updatedFromDate": "2026-01-26",
    "fiscalDateEnding": "1988-05-31"
  },
  {
    "date": "1988-02-29",
    "symbol": "ORCL",
    "eps": 0.00274,
    "epsEstimated": null,
    "time": "amc",
    "revenue": 76300000,
    "revenueEstimated": null,
    "updatedFromDate": "2026-01-26",
    "fiscalDateEnding": "1988-02-29"
  },
  {
    "date": "1987-11-30",
    "symbol": "ORCL",
    "eps": 0.00162,
    "epsEstimated": null,
    "time": "amc",
    "revenue": 60300000,
    "revenueEstimated": null,
    "updatedFromDate": "2026-01-26",
    "fiscalDateEnding": "1987-11-30"
  },
  {
    "date": "1987-08-31",
    "symbol": "ORCL",
    "eps": 0.00067,
    "epsEstimated": null,
    "time": "amc",
    "revenue": 41300000,
    "revenueEstimated": null,
    "updatedFromDate": "2026-01-26",
    "fiscalDateEnding": "1987-08-31"
  },
  {
    "date": "1987-05-31",
    "symbol": "ORCL",
    "eps": 0.00176,
    "epsEstimated": null,
    "time": "amc",
    "revenue": 50400000,
    "revenueEstimated": null,
    "updatedFromDate": "2026-01-26",
    "fiscalDateEnding": "1987-05-31"
  },
  {
    "date": "1987-02-28",
    "symbol": "ORCL",
    "eps": 0.00111,
    "epsEstimated": null,
    "time": "amc",
    "revenue": 34900000,
    "revenueEstimated": null,
    "updatedFromDate": "2026-01-26",
    "fiscalDateEnding": "1987-02-28"
  },
  {
    "date": "1986-11-30",
    "symbol": "ORCL",
    "eps": 0.0007,
    "epsEstimated": null,
    "time": "amc",
    "revenue": 28400000,
    "revenueEstimated": null,
    "updatedFromDate": "2026-01-26",
    "fiscalDateEnding": "1986-11-30"
  },
  {
    "date": "1986-08-31",
    "symbol": "ORCL",
    "eps": 2e-05,
    "epsEstimated": null,
    "time": "amc",
    "revenue": 17600000,
    "revenueEstimated": null,
    "updatedFromDate": "2026-01-26",
    "fiscalDateEnding": "1986-08-31"
  },
  {
    "date": "1986-05-31",
    "symbol": "ORCL",
    "eps": 0.00062,
    "epsEstimated": null,
    "time": "amc",
    "revenue": 20900000,
    "revenueEstimated": null,
    "updatedFromDate": "2026-01-26",
    "fiscalDateEnding": "1986-05-31"
  },
  {
    "date": "1986-02-28",
    "symbol": "ORCL",
    "eps": 0.00045,
    "epsEstimated": null,
    "time": "amc",
    "revenue": 16000000,
    "revenueEstimated": null,
    "updatedFromDate": "2026-01-26",
    "fiscalDateEnding": "1986-02-28"
  },
  {
    "date": "1985-11-30",
    "symbol": "ORCL",
    "eps": 0.00012,
    "epsEstimated": null,
    "time": "amc",
    "revenue": 9300000,
    "revenueEstimated": null,
    "updatedFromDate": "2026-01-26",
    "fiscalDateEnding": "1985-11-30"
  },
  {
    "date": "1985-08-31",
    "symbol": "ORCL",
    "eps": 0.00012,
    "epsEstimated": null,
    "time": "amc",
    "revenue": 9300000,
    "revenueEstimated": null,
    "updatedFromDate": "2026-01-26",
    "fiscalDateEnding": "1985-08-31"
  }
]