[
  {
    "date": "2026-05-13",
    "symbol": "WMT",
    "eps": null,
    "epsEstimated": null,
    "time": "bmo",
    "revenue": null,
    "revenueEstimated": null,
    "updatedFromDate": "2026-02-06",
    "fiscalDateEnding": "2026-04-30"
  },
  {
    "date": "2026-02-19",
    "symbol": "WMT",
    "eps": null,
    "epsEstimated": 0.73,
    "time": "bmo",
    "revenue": null,
    "revenueEstimated": 188337380590,
    "updatedFromDate": "2026-02-06",
    "fiscalDateEnding": "2026-01-31"
  },
  {
    "date": "2025-11-20",
    "symbol": "WMT",
    "eps": 0.62,
    "epsEstimated": 0.601,
    "time": "bmo",
    "revenue": 179496000000,
    "revenueEstimated": 177444408069,
    "updatedFromDate": "2026-02-06",
    "fiscalDateEnding": "2025-10-31"
  },
  {
    "date": "2025-08-21",
    "symbol": "WMT",
    "eps": 0.68,
    "epsEstimated": 0.733,
    "time": "bmo",
    "revenue": 177402000000,
    "revenueEstimated": 175935107465,
    "updatedFromDate": "2026-01-28",
    "fiscalDateEnding": "2025-07-31"
  },
  {
    "date": "2025-06-05",
    "symbol": "WMT",
    "eps": 0.61,
    "epsEstimated": 0.575,
    "time": "bmo",
    "revenue": 165609000000,
    "revenueEstimated": 165619785126,
    "updatedFromDate": "2026-01-28",
    "fiscalDateEnding": "2025-04-30"
  },
  {
    "date": "2025-03-14",
    "symbol": "WMT",
    "eps": 0.66,
    "epsEstimated": 0.646,
    "time": "bmo",
    "revenue": 180554000000,
    "revenueEstimated": 180074350487,
    "updatedFromDate": "2026-01-28",
    "fiscalDateEnding": "2025-01-31"
  },
  {
    "date": "2024-11-19",
    "symbol": "WMT",
    "eps": 0.58,
    "epsEstimated": 0.53,
    "time": "bmo",
    "revenue": 169588000000,
    "revenueEstimated": 167688841190,
    "updatedFromDate": "2026-01-28",
    "fiscalDateEnding": "2024-10-31"
  },
  {
    "date": "2024-08-15",
    "symbol": "WMT",
    "eps": 0.67,
    "epsEstimated": 0.65,
    "time": "bmo",
    "revenue": 169335000000,
    "revenueEstimated": 168564515191,
    "updatedFromDate": "2026-01-28",
    "fiscalDateEnding": "2024-07-31"
  },
  {
    "date": "2024-06-07",
    "symbol": "WMT",
    "eps": 0.6,
    "epsEstimated": 0.525,
    "time": "bmo",
    "revenue": 161508000000,
    "revenueEstimated": 159567835801,
    "updatedFromDate": "2026-01-28",
    "fiscalDateEnding": "2024-04-30"
  },
  {
    "date": "2024-03-15",
    "symbol": "WMT",
    "eps": 0.6,
    "epsEstimated": 0.526,
    "time": "bmo",
    "revenue": 161508000000,
    "revenueEstimated": 159567830323,
    "updatedFromDate": "2026-01-28",
    "fiscalDateEnding": "2024-01-31"
  },
  {
    "date": "2023-11-16",
    "symbol": "WMT",
    "eps": 0.51,
    "epsEstimated": 0.51,
    "time": "bmo",
    "revenue": 160804000000,
    "revenueEstimated": 149821000000,
    "updatedFromDate": "2026-01-28",
    "fiscalDateEnding": "2023-10-31"
  },
  {
    "date": "2023-08-17",
    "symbol": "WMT",
    "eps": 0.61,
    "epsEstimated": 0.56,
    "time": "bmo",
    "revenue": 161632000000,
    "revenueEstimated": 160271000000,
    "updatedFromDate": "2026-01-28",
    "fiscalDateEnding": "2023-07-31"
  },
  {
    "date": "2023-05-18",
    "symbol": "WMT",
    "eps": 0.49,
    "epsEstimated": 0.44,
    "time": "bmo",
    "revenue": 152301000000,
    "revenueEstimated": 148653000000,
    "updatedFromDate": "2026-01-28",
    "fiscalDateEnding": "2023-04-30"
  },
  {
    "date": "2023-02-21",
    "symbol": "WMT",
    "eps": 0.57,
    "epsEstimated": 0.51,
    "time": "bmo",
    "revenue": 164048000000,
    "revenueEstimated": 159759379565,
    "updatedFromDate": "2026-01-28",
    "fiscalDateEnding": "2023-01-31"
  },
  {
    "date": "2022-11-15",
    "symbol": "WMT",
    "eps": 0.5,
    "epsEstimated": 0.44,
    "time": "bmo",
    "revenue": 152813000000,
    "revenueEstimated": 147667801623,
    "updatedFromDate": "2026-01-28",
    "fiscalDateEnding": "2022-10-31"
  },
  {
    "date": "2022-08-16",
    "symbol": "WMT",
    "eps": 0.59,
    "epsEstimated": 0.53,
    "time": "bmo",
    "revenue": 152859000000,
    "revenueEstimated": 150994235054,
    "updatedFromDate": "2026-01-28",
    "fiscalDateEnding": "2022-07-31"
  },
  {
    "date": "2022-05-17",
    "symbol": "WMT",
    "eps": 0.43,
    "epsEstimated": 0.49,
    "time": "bmo",
    "revenue": 141569000000,
    "revenueEstimated": 138803387682,
    "updatedFromDate": "2026-01-28",
    "fiscalDateEnding": "2022-04-30"
  },
  {
    "date": "2022-02-17",
    "symbol": "WMT",
    "eps": 0.51,
    "epsEstimated": 0.5,
    "time": "bmo",
    "revenue": 152871000000,
    "revenueEstimated": 151720036005,
    "updatedFromDate": "2026-01-28",
    "fiscalDateEnding": "2022-01-31"
  },
  {
    "date": "2021-11-16",
    "symbol": "WMT",
    "eps": 0.48,
    "epsEstimated": 0.46,
    "time": "bmo",
    "revenue": 140525000000,
    "revenueEstimated": 151517000000,
    "updatedFromDate": "2026-01-28",
    "fiscalDateEnding": "2021-10-31"
  },
  {
    "date": "2021-08-17",
    "symbol": "WMT",
    "eps": 0.59,
    "epsEstimated": 0.52,
    "time": "bmo",
    "revenue": 141048000000,
    "revenueEstimated": 135739000000,
    "updatedFromDate": "2026-01-28",
    "fiscalDateEnding": "2021-07-31"
  },
  {
    "date": "2021-05-18",
    "symbol": "WMT",
    "eps": 0.56,
    "epsEstimated": 0.41,
    "time": "bmo",
    "revenue": 138310000000,
    "revenueEstimated": 125164834710,
    "updatedFromDate": "2026-01-28",
    "fiscalDateEnding": "2021-04-30"
  },
  {
    "date": "2021-03-19",
    "symbol": "WMT",
    "eps": 1.39,
    "epsEstimated": 1.51,
    "time": "bmo",
    "revenue": 152079000000,
    "revenueEstimated": 164164748344,
    "updatedFromDate": "2026-01-28",
    "fiscalDateEnding": "2021-01-31"
  },
  {
    "date": "2020-11-17",
    "symbol": "WMT",
    "eps": 0.45,
    "epsEstimated": 0.4,
    "time": "bmo",
    "revenue": 134708000000,
    "revenueEstimated": 116442508474,
    "updatedFromDate": "2026-01-28",
    "fiscalDateEnding": "2020-10-31"
  },
  {
    "date": "2020-08-18",
    "symbol": "WMT",
    "eps": 0.52,
    "epsEstimated": 0.41,
    "time": "bmo",
    "revenue": 137742000000,
    "revenueEstimated": 110370192307,
    "updatedFromDate": "2026-01-28",
    "fiscalDateEnding": "2020-07-31"
  },
  {
    "date": "2020-05-19",
    "symbol": "WMT",
    "eps": 0.39,
    "epsEstimated": 0.37,
    "time": "bmo",
    "revenue": 134622000000,
    "revenueEstimated": 127776813559,
    "updatedFromDate": "2026-01-28",
    "fiscalDateEnding": "2020-04-30"
  },
  {
    "date": "2020-03-20",
    "symbol": "WMT",
    "eps": 0.4835,
    "epsEstimated": null,
    "time": "bmo",
    "revenue": 141671000000,
    "revenueEstimated": null,
    "updatedFromDate": "2026-01-28",
    "fiscalDateEnding": "2020-01-31"
  },
  {
    "date": "2019-11-14",
    "symbol": "WMT",
    "eps": 0.39,
    "epsEstimated": 0.36,
    "time": "bmo",
    "revenue": 127991000000,
    "revenueEstimated": 120267405172,
    "updatedFromDate": "2026-01-28",
    "fiscalDateEnding": "2019-10-31"
  },
  {
    "date": "2019-09-06",
    "symbol": "WMT",
    "eps": 0.4194,
    "epsEstimated": null,
    "time": "bmo",
    "revenue": 130377000000,
    "revenueEstimated": null,
    "updatedFromDate": "2026-01-28",
    "fiscalDateEnding": "2019-07-31"
  },
  {
    "date": "2019-06-07",
    "symbol": "WMT",
    "eps": 0.4438,
    "epsEstimated": null,
    "time": "bmo",
    "revenue": 123925000000,
    "revenueEstimated": null,
    "updatedFromDate": "2026-01-28",
    "fiscalDateEnding": "2019-04-30"
  },
  {
    "date": "2019-05-16",
    "symbol": "WMT",
    "eps": 0.38,
    "epsEstimated": 0.34,
    "time": "bmo",
    "revenue": 138793000000,
    "revenueEstimated": 111861504424,
    "updatedFromDate": "2026-01-28",
    "fiscalDateEnding": "2019-01-31"
  },
  {
    "date": "2018-11-15",
    "symbol": "WMT",
    "eps": 0.36,
    "epsEstimated": 0.34,
    "time": "bmo",
    "revenue": 124894000000,
    "revenueEstimated": 116799018518,
    "updatedFromDate": "2026-01-28",
    "fiscalDateEnding": "2018-10-31"
  },
  {
    "date": "2018-08-16",
    "symbol": "WMT",
    "eps": 0.43,
    "epsEstimated": 0.4,
    "time": "bmo",
    "revenue": 128028000000,
    "revenueEstimated": 121080744186,
    "updatedFromDate": "2026-01-28",
    "fiscalDateEnding": "2018-07-31"
  },
  {
    "date": "2018-05-17",
    "symbol": "WMT",
    "eps": 0.38,
    "epsEstimated": 0.37,
    "time": "bmo",
    "revenue": 122690000000,
    "revenueEstimated": 120537543859,
    "updatedFromDate": "2026-01-28",
    "fiscalDateEnding": "2018-04-30"
  },
  {
    "date": "2018-03-30",
    "symbol": "WMT",
    "eps": 0.2435,
    "epsEstimated": null,
    "time": "bmo",
    "revenue": 136267000000,
    "revenueEstimated": null,
    "updatedFromDate": "2026-01-28",
    "fiscalDateEnding": "2018-01-31"
  },
  {
    "date": "2017-11-16",
    "symbol": "WMT",
    "eps": 0.33,
    "epsEstimated": 0.32,
    "time": "bmo",
    "revenue": 123179000000,
    "revenueEstimated": 119483630000,
    "updatedFromDate": "2026-01-28",
    "fiscalDateEnding": "2017-10-31"
  },
  {
    "date": "2017-08-17",
    "symbol": "WMT",
    "eps": 0.36,
    "epsEstimated": 0.36,
    "time": "bmo",
    "revenue": 123355000000,
    "revenueEstimated": 122212824074,
    "updatedFromDate": "2026-01-28",
    "fiscalDateEnding": "2017-07-31"
  },
  {
    "date": "2017-05-18",
    "symbol": "WMT",
    "eps": 0.33,
    "epsEstimated": 0.32,
    "time": "bmo",
    "revenue": 117542000000,
    "revenueEstimated": 112840320000,
    "updatedFromDate": "2026-01-28",
    "fiscalDateEnding": "2017-04-30"
  },
  {
    "date": "2017-03-31",
    "symbol": "WMT",
    "eps": 0.407,
    "epsEstimated": null,
    "time": "bmo",
    "revenue": 130936000000,
    "revenueEstimated": null,
    "updatedFromDate": "2026-01-28",
    "fiscalDateEnding": "2017-01-31"
  },
  {
    "date": "2016-11-17",
    "symbol": "WMT",
    "eps": 0.33,
    "epsEstimated": 0.32,
    "time": "bmo",
    "revenue": 118179000000,
    "revenueEstimated": 115767183673,
    "updatedFromDate": "2026-01-28",
    "fiscalDateEnding": "2016-10-31"
  },
  {
    "date": "2016-08-18",
    "symbol": "WMT",
    "eps": 0.36,
    "epsEstimated": 0.34,
    "time": "bmo",
    "revenue": 120854000000,
    "revenueEstimated": 115206616822,
    "updatedFromDate": "2026-01-28",
    "fiscalDateEnding": "2016-07-31"
  },
  {
    "date": "2016-05-19",
    "symbol": "WMT",
    "eps": 0.33,
    "epsEstimated": 0.29,
    "time": "bmo",
    "revenue": 115904000000,
    "revenueEstimated": 104077061224,
    "updatedFromDate": "2026-01-28",
    "fiscalDateEnding": "2016-04-30"
  },
  {
    "date": "2016-03-30",
    "symbol": "WMT",
    "eps": 0.4772,
    "epsEstimated": null,
    "time": "bmo",
    "revenue": 129667000000,
    "revenueEstimated": null,
    "updatedFromDate": "2026-01-28",
    "fiscalDateEnding": "2016-01-31"
  },
  {
    "date": "2015-11-17",
    "symbol": "WMT",
    "eps": 0.34,
    "epsEstimated": 0.32,
    "time": "bmo",
    "revenue": 117408000000,
    "revenueEstimated": 116222060606,
    "updatedFromDate": "2026-01-28",
    "fiscalDateEnding": "2015-10-31"
  },
  {
    "date": "2015-09-09",
    "symbol": "WMT",
    "eps": 0.3585,
    "epsEstimated": null,
    "time": "bmo",
    "revenue": 120229000000,
    "revenueEstimated": null,
    "updatedFromDate": "2026-01-28",
    "fiscalDateEnding": "2015-07-31"
  },
  {
    "date": "2015-05-19",
    "symbol": "WMT",
    "eps": 0.34,
    "epsEstimated": 0.35,
    "time": "bmo",
    "revenue": 114826000000,
    "revenueEstimated": 115940815533,
    "updatedFromDate": "2026-01-28",
    "fiscalDateEnding": "2015-04-30"
  },
  {
    "date": "2015-04-01",
    "symbol": "WMT",
    "eps": 0.511,
    "epsEstimated": null,
    "time": "bmo",
    "revenue": 131565000000,
    "revenueEstimated": null,
    "updatedFromDate": "2026-01-28",
    "fiscalDateEnding": "2015-01-31"
  },
  {
    "date": "2014-11-13",
    "symbol": "WMT",
    "eps": 0.38,
    "epsEstimated": 0.37,
    "time": "bmo",
    "revenue": 119001000000,
    "revenueEstimated": 115896626086,
    "updatedFromDate": "2026-01-28",
    "fiscalDateEnding": "2014-10-31"
  },
  {
    "date": "2014-09-05",
    "symbol": "WMT",
    "eps": 0.421,
    "epsEstimated": null,
    "time": "bmo",
    "revenue": 120125000000,
    "revenueEstimated": null,
    "updatedFromDate": "2026-01-28",
    "fiscalDateEnding": "2014-07-31"
  },
  {
    "date": "2014-06-06",
    "symbol": "WMT",
    "eps": 0.3687,
    "epsEstimated": null,
    "time": "bmo",
    "revenue": 114960000000,
    "revenueEstimated": null,
    "updatedFromDate": "2026-01-28",
    "fiscalDateEnding": "2014-04-30"
  },
  {
    "date": "2014-05-15",
    "symbol": "WMT",
    "eps": 0.38,
    "epsEstimated": 0.38,
    "time": "bmo",
    "revenue": 129706000000,
    "revenueEstimated": 120185454545,
    "updatedFromDate": "2026-01-28",
    "fiscalDateEnding": "2014-01-31"
  },
  {
    "date": "2013-12-06",
    "symbol": "WMT",
    "eps": 0.3809,
    "epsEstimated": null,
    "time": "bmo",
    "revenue": 115688000000,
    "revenueEstimated": null,
    "updatedFromDate": "2026-01-28",
    "fiscalDateEnding": "2013-10-31"
  },
  {
    "date": "2013-08-15",
    "symbol": "WMT",
    "eps": 0.41,
    "epsEstimated": 0.42,
    "time": "bmo",
    "revenue": 116830000000,
    "revenueEstimated": 116830000000,
    "updatedFromDate": "2026-01-28",
    "fiscalDateEnding": "2013-07-31"
  },
  {
    "date": "2013-06-07",
    "symbol": "WMT",
    "eps": 0.3801,
    "epsEstimated": null,
    "time": "bmo",
    "revenue": 114070000000,
    "revenueEstimated": null,
    "updatedFromDate": "2026-01-28",
    "fiscalDateEnding": "2013-04-30"
  },
  {
    "date": "2013-05-16",
    "symbol": "WMT",
    "eps": 0.38,
    "epsEstimated": 0.38,
    "time": "bmo",
    "revenue": 127919000000,
    "revenueEstimated": 115070614035,
    "updatedFromDate": "2026-01-28",
    "fiscalDateEnding": "2013-01-31"
  },
  {
    "date": "2012-11-15",
    "symbol": "WMT",
    "eps": 0.36,
    "epsEstimated": 0.36,
    "time": "bmo",
    "revenue": 113800000000,
    "revenueEstimated": 112746296296,
    "updatedFromDate": "2026-01-28",
    "fiscalDateEnding": "2012-10-31"
  },
  {
    "date": "2012-08-16",
    "symbol": "WMT",
    "eps": 0.394,
    "epsEstimated": 0.39,
    "time": "bmo",
    "revenue": 114282000000,
    "revenueEstimated": 113098347457,
    "updatedFromDate": "2026-01-28",
    "fiscalDateEnding": "2012-07-31"
  },
  {
    "date": "2012-05-17",
    "symbol": "WMT",
    "eps": 0.3642,
    "epsEstimated": 0.3467,
    "time": "bmo",
    "revenue": 113010000000,
    "revenueEstimated": 107826055045,
    "updatedFromDate": "2026-01-28",
    "fiscalDateEnding": "2012-04-30"
  },
  {
    "date": "2012-03-27",
    "symbol": "WMT",
    "eps": 0.5,
    "epsEstimated": null,
    "time": "bmo",
    "revenue": 123169000000,
    "revenueEstimated": null,
    "updatedFromDate": "2026-01-28",
    "fiscalDateEnding": "2012-01-31"
  },
  {
    "date": "2011-12-08",
    "symbol": "WMT",
    "eps": 0.3216,
    "epsEstimated": null,
    "time": "bmo",
    "revenue": 110226000000,
    "revenueEstimated": null,
    "updatedFromDate": "2026-01-28",
    "fiscalDateEnding": "2011-10-31"
  },
  {
    "date": "2011-08-16",
    "symbol": "WMT",
    "eps": 0.3636,
    "epsEstimated": 0.36,
    "time": "bmo",
    "revenue": 109366000000,
    "revenueEstimated": 108362642201,
    "updatedFromDate": "2026-01-28",
    "fiscalDateEnding": "2011-07-31"
  },
  {
    "date": "2011-05-17",
    "symbol": "WMT",
    "eps": 0.3225,
    "epsEstimated": 0.3167,
    "time": "bmo",
    "revenue": 104189000000,
    "revenueEstimated": 100999540816,
    "updatedFromDate": "2026-01-28",
    "fiscalDateEnding": "2011-04-30"
  },
  {
    "date": "2011-03-30",
    "symbol": "WMT",
    "eps": 0.567,
    "epsEstimated": null,
    "time": "bmo",
    "revenue": 116360000000,
    "revenueEstimated": null,
    "updatedFromDate": "2026-01-28",
    "fiscalDateEnding": "2011-01-31"
  },
  {
    "date": "2010-11-16",
    "symbol": "WMT",
    "eps": 0.3154,
    "epsEstimated": 0.3,
    "time": "bmo",
    "revenue": 101952000000,
    "revenueEstimated": 101952000000,
    "updatedFromDate": "2026-01-28",
    "fiscalDateEnding": "2010-10-31"
  },
  {
    "date": "2010-08-17",
    "symbol": "WMT",
    "eps": 0.3234,
    "epsEstimated": 0.32,
    "time": "bmo",
    "revenue": 103726000000,
    "revenueEstimated": 102656659793,
    "updatedFromDate": "2026-01-28",
    "fiscalDateEnding": "2010-07-31"
  },
  {
    "date": "2010-05-18",
    "symbol": "WMT",
    "eps": 0.291,
    "epsEstimated": 0.2833,
    "time": "bmo",
    "revenue": 99811000000,
    "revenueEstimated": 96408352272,
    "updatedFromDate": "2026-01-28",
    "fiscalDateEnding": "2010-04-30"
  },
  {
    "date": "2010-03-30",
    "symbol": "WMT",
    "eps": 0.4042,
    "epsEstimated": null,
    "time": "bmo",
    "revenue": 113651000000,
    "revenueEstimated": null,
    "updatedFromDate": "2026-01-28",
    "fiscalDateEnding": "2010-01-31"
  },
  {
    "date": "2009-12-07",
    "symbol": "WMT",
    "eps": 0.2714,
    "epsEstimated": null,
    "time": "bmo",
    "revenue": 99373000000,
    "revenueEstimated": null,
    "updatedFromDate": "2026-01-28",
    "fiscalDateEnding": "2009-10-31"
  },
  {
    "date": "2009-11-12",
    "symbol": "WMT",
    "eps": 0.2968,
    "epsEstimated": 0.27,
    "time": "bmo",
    "revenue": 100876000000,
    "revenueEstimated": 95823964285,
    "updatedFromDate": "2026-01-28",
    "fiscalDateEnding": "2009-07-31"
  },
  {
    "date": "2009-06-05",
    "symbol": "WMT",
    "eps": 0.2563,
    "epsEstimated": null,
    "time": "bmo",
    "revenue": 94242000000,
    "revenueEstimated": null,
    "updatedFromDate": "2026-01-28",
    "fiscalDateEnding": "2009-04-30"
  },
  {
    "date": "2009-02-17",
    "symbol": "WMT",
    "eps": 0.3211,
    "epsEstimated": 0.33,
    "time": "bmo",
    "revenue": 109116000000,
    "revenueEstimated": 104707272727,
    "updatedFromDate": "2026-01-28",
    "fiscalDateEnding": "2009-01-31"
  },
  {
    "date": "2008-12-09",
    "symbol": "WMT",
    "eps": 0.2652,
    "epsEstimated": null,
    "time": "bmo",
    "revenue": 98345000000,
    "revenueEstimated": null,
    "updatedFromDate": "2026-01-28",
    "fiscalDateEnding": "2008-10-31"
  },
  {
    "date": "2008-08-14",
    "symbol": "WMT",
    "eps": 0.2905,
    "epsEstimated": 0.28,
    "time": "bmo",
    "revenue": 102342000000,
    "revenueEstimated": 99961953488,
    "updatedFromDate": "2026-01-28",
    "fiscalDateEnding": "2008-07-31"
  },
  {
    "date": "2008-06-09",
    "symbol": "WMT",
    "eps": 0.2539,
    "epsEstimated": null,
    "time": "bmo",
    "revenue": 94940000000,
    "revenueEstimated": null,
    "updatedFromDate": "2026-01-28",
    "fiscalDateEnding": "2008-04-30"
  },
  {
    "date": "2008-05-13",
    "symbol": "WMT",
    "eps": 0.3442,
    "epsEstimated": 0.25,
    "time": "bmo",
    "revenue": 107428000000,
    "revenueEstimated": 93690789473,
    "updatedFromDate": "2026-01-28",
    "fiscalDateEnding": "2008-01-31"
  },
  {
    "date": "2007-11-13",
    "symbol": "WMT",
    "eps": 0.2348,
    "epsEstimated": 0.2233,
    "time": "bmo",
    "revenue": 91865000000,
    "revenueEstimated": 89202246376,
    "updatedFromDate": "2026-01-28",
    "fiscalDateEnding": "2007-10-31"
  },
  {
    "date": "2007-09-10",
    "symbol": "WMT",
    "eps": 0.2395,
    "epsEstimated": null,
    "time": "bmo",
    "revenue": 92999000000,
    "revenueEstimated": null,
    "updatedFromDate": "2026-01-28",
    "fiscalDateEnding": "2007-07-31"
  },
  {
    "date": "2007-05-15",
    "symbol": "WMT",
    "eps": 0.2282,
    "epsEstimated": 0.2267,
    "time": "bmo",
    "revenue": 86410000000,
    "revenueEstimated": 86378000000,
    "updatedFromDate": "2026-01-28",
    "fiscalDateEnding": "2007-04-30"
  },
  {
    "date": "2007-03-27",
    "symbol": "WMT",
    "eps": 0.3181,
    "epsEstimated": null,
    "time": "bmo",
    "revenue": 99078000000,
    "revenueEstimated": null,
    "updatedFromDate": "2026-01-28",
    "fiscalDateEnding": "2007-01-31"
  },
  {
    "date": "2006-11-14",
    "symbol": "WMT",
    "eps": 0.2114,
    "epsEstimated": 0.1967,
    "time": "bmo",
    "revenue": 84467000000,
    "revenueEstimated": 80379887096,
    "updatedFromDate": "2026-01-28",
    "fiscalDateEnding": "2006-10-31"
  },
  {
    "date": "2006-08-15",
    "symbol": "WMT",
    "eps": 0.1664,
    "epsEstimated": 0.24,
    "time": "bmo",
    "revenue": 85430000000,
    "revenueEstimated": 84637000000,
    "updatedFromDate": "2026-01-28",
    "fiscalDateEnding": "2006-07-31"
  },
  {
    "date": "2006-05-16",
    "symbol": "WMT",
    "eps": 0.209,
    "epsEstimated": 0.2033,
    "time": "bmo",
    "revenue": 79676000000,
    "revenueEstimated": 77146603174,
    "updatedFromDate": "2026-01-28",
    "fiscalDateEnding": "2006-04-30"
  },
  {
    "date": "2006-03-29",
    "symbol": "WMT",
    "eps": 0.2871,
    "epsEstimated": null,
    "time": "bmo",
    "revenue": 90128000000,
    "revenueEstimated": null,
    "updatedFromDate": "2026-01-28",
    "fiscalDateEnding": "2006-01-31"
  },
  {
    "date": "2005-11-14",
    "symbol": "WMT",
    "eps": 0.1898,
    "epsEstimated": 0.19,
    "time": "bmo",
    "revenue": 75397000000,
    "revenueEstimated": 75397000000,
    "updatedFromDate": "2026-01-28",
    "fiscalDateEnding": "2005-10-31"
  },
  {
    "date": "2005-08-16",
    "symbol": "WMT",
    "eps": 0.2237,
    "epsEstimated": 0.2167,
    "time": "bmo",
    "revenue": 76697000000,
    "revenueEstimated": 74407537313,
    "updatedFromDate": "2026-01-28",
    "fiscalDateEnding": "2005-07-31"
  },
  {
    "date": "2005-06-03",
    "symbol": "WMT",
    "eps": 0.1937,
    "epsEstimated": null,
    "time": "bmo",
    "revenue": 71680000000,
    "revenueEstimated": null,
    "updatedFromDate": "2026-01-28",
    "fiscalDateEnding": "2005-04-30"
  },
  {
    "date": "2005-05-12",
    "symbol": "WMT",
    "eps": 0.2491,
    "epsEstimated": 0.1867,
    "time": "bmo",
    "revenue": 82819000000,
    "revenueEstimated": 72041454545,
    "updatedFromDate": "2026-01-28",
    "fiscalDateEnding": "2005-01-31"
  },
  {
    "date": "2004-11-16",
    "symbol": "WMT",
    "eps": 0.1793,
    "epsEstimated": 0.18,
    "time": "bmo",
    "revenue": 69282000000,
    "revenueEstimated": 69282000000,
    "updatedFromDate": "2026-01-28",
    "fiscalDateEnding": "2004-10-31"
  },
  {
    "date": "2004-09-03",
    "symbol": "WMT",
    "eps": 0.2069,
    "epsEstimated": null,
    "time": "bmo",
    "revenue": 70459000000,
    "revenueEstimated": null,
    "updatedFromDate": "2026-01-28",
    "fiscalDateEnding": "2004-07-31"
  },
  {
    "date": "2004-06-04",
    "symbol": "WMT",
    "eps": 0.1678,
    "epsEstimated": null,
    "time": "bmo",
    "revenue": 65443000000,
    "revenueEstimated": null,
    "updatedFromDate": "2026-01-28",
    "fiscalDateEnding": "2004-04-30"
  },
  {
    "date": "2004-05-13",
    "symbol": "WMT",
    "eps": 0.2108,
    "epsEstimated": 0.1633,
    "time": "bmo",
    "revenue": 75190000000,
    "revenueEstimated": 64125320000,
    "updatedFromDate": "2026-01-28",
    "fiscalDateEnding": "2004-01-31"
  },
  {
    "date": "2003-12-11",
    "symbol": "WMT",
    "eps": 0.1546,
    "epsEstimated": null,
    "time": "bmo",
    "revenue": 63035000000,
    "revenueEstimated": null,
    "updatedFromDate": "2026-01-28",
    "fiscalDateEnding": "2003-10-31"
  },
  {
    "date": "2003-11-13",
    "symbol": "WMT",
    "eps": 0.1857,
    "epsEstimated": 0.1567,
    "time": "bmo",
    "revenue": 63232000000,
    "revenueEstimated": 64405326086,
    "updatedFromDate": "2026-01-28",
    "fiscalDateEnding": "2003-07-31"
  },
  {
    "date": "2003-08-13",
    "symbol": "WMT",
    "eps": 0.1411,
    "epsEstimated": 0.1733,
    "time": "bmo",
    "revenue": 57224000000,
    "revenueEstimated": 63232000000,
    "updatedFromDate": "2026-01-28",
    "fiscalDateEnding": "2003-04-30"
  },
  {
    "date": "2003-05-13",
    "symbol": "WMT",
    "eps": 0.1918,
    "epsEstimated": 0.14,
    "time": "bmo",
    "revenue": 71586000000,
    "revenueEstimated": 58619707317,
    "updatedFromDate": "2026-01-28",
    "fiscalDateEnding": "2003-01-31"
  },
  {
    "date": "2002-12-06",
    "symbol": "WMT",
    "eps": 0.1351,
    "epsEstimated": null,
    "time": "bmo",
    "revenue": 59330000000,
    "revenueEstimated": null,
    "updatedFromDate": "2026-01-28",
    "fiscalDateEnding": "2002-10-31"
  },
  {
    "date": "2002-11-13",
    "symbol": "WMT",
    "eps": 0.1512,
    "epsEstimated": 0.1333,
    "time": "bmo",
    "revenue": 60255000000,
    "revenueEstimated": 54404878048,
    "updatedFromDate": "2026-01-28",
    "fiscalDateEnding": "2002-07-31"
  },
  {
    "date": "2002-08-13",
    "symbol": "WMT",
    "eps": 0.1217,
    "epsEstimated": 0.15,
    "time": "bmo",
    "revenue": 52126000000,
    "revenueEstimated": 55546630434,
    "updatedFromDate": "2026-01-28",
    "fiscalDateEnding": "2002-04-30"
  },
  {
    "date": "2002-05-14",
    "symbol": "WMT",
    "eps": 0.1633,
    "epsEstimated": 0.12,
    "time": "bmo",
    "revenue": 64765000000,
    "revenueEstimated": 50717189189,
    "updatedFromDate": "2026-01-28",
    "fiscalDateEnding": "2002-01-31"
  },
  {
    "date": "2001-11-13",
    "symbol": "WMT",
    "eps": 0.1102,
    "epsEstimated": 0.11,
    "time": "bmo",
    "revenue": 53186000000,
    "revenueEstimated": 53186000000,
    "updatedFromDate": "2026-01-28",
    "fiscalDateEnding": "2001-10-31"
  },
  {
    "date": "2001-09-14",
    "symbol": "WMT",
    "eps": 0.1205,
    "epsEstimated": 0.1233,
    "time": "bmo",
    "revenue": 53269000000,
    "revenueEstimated": 53186000000,
    "updatedFromDate": "2026-01-28",
    "fiscalDateEnding": "2001-07-31"
  },
  {
    "date": "2001-06-15",
    "symbol": "WMT",
    "eps": 0.1025,
    "epsEstimated": 0.1033,
    "time": "bmo",
    "revenue": 48565000000,
    "revenueEstimated": 48565000000,
    "updatedFromDate": "2026-01-28",
    "fiscalDateEnding": "2001-04-30"
  },
  {
    "date": "2001-04-10",
    "symbol": "WMT",
    "eps": 0.1489,
    "epsEstimated": null,
    "time": "bmo",
    "revenue": 57079000000,
    "revenueEstimated": null,
    "updatedFromDate": "2026-01-28",
    "fiscalDateEnding": "2001-01-31"
  },
  {
    "date": "2000-11-14",
    "symbol": "WMT",
    "eps": 0.1017,
    "epsEstimated": 0.1033,
    "time": "bmo",
    "revenue": 45676000000,
    "revenueEstimated": 46181000000,
    "updatedFromDate": "2026-01-28",
    "fiscalDateEnding": "2000-10-31"
  },
  {
    "date": "2000-08-09",
    "symbol": "WMT",
    "eps": 0.1186,
    "epsEstimated": 0.12,
    "time": "bmo",
    "revenue": 46112000000,
    "revenueEstimated": 46588000000,
    "updatedFromDate": "2026-01-28",
    "fiscalDateEnding": "2000-07-31"
  },
  {
    "date": "2000-06-08",
    "symbol": "WMT",
    "eps": 0.0987,
    "epsEstimated": null,
    "time": "bmo",
    "revenue": 43447000000,
    "revenueEstimated": null,
    "updatedFromDate": "2026-01-28",
    "fiscalDateEnding": "2000-04-30"
  },
  {
    "date": "2000-05-09",
    "symbol": "WMT",
    "eps": 0.1427,
    "epsEstimated": 0.09333,
    "time": "bmo",
    "revenue": 51869000000,
    "revenueEstimated": 40550533333,
    "updatedFromDate": "2026-01-28",
    "fiscalDateEnding": "2000-01-31"
  },
  {
    "date": "2000-02-15",
    "symbol": "WMT",
    "eps": 0.09676,
    "epsEstimated": 0.14,
    "time": "bmo",
    "revenue": 40907000000,
    "revenueEstimated": 50634023809,
    "updatedFromDate": "2026-01-28",
    "fiscalDateEnding": "1999-10-31"
  },
  {
    "date": "1999-11-09",
    "symbol": "WMT",
    "eps": 0.09308,
    "epsEstimated": 0.09333,
    "time": "bmo",
    "revenue": 38910000000,
    "revenueEstimated": 39487724137,
    "updatedFromDate": "2026-01-28",
    "fiscalDateEnding": "1999-07-31"
  },
  {
    "date": "1999-08-10",
    "symbol": "WMT",
    "eps": 0.08274,
    "epsEstimated": 0.09333,
    "time": "bmo",
    "revenue": 35123000000,
    "revenueEstimated": 35144516129,
    "updatedFromDate": "2026-01-28",
    "fiscalDateEnding": "1999-04-30"
  },
  {
    "date": "1999-05-11",
    "symbol": "WMT",
    "eps": 0.1162,
    "epsEstimated": 0.07333,
    "time": "bmo",
    "revenue": 41247000000,
    "revenueEstimated": 30913520000,
    "updatedFromDate": "2026-01-28",
    "fiscalDateEnding": "1999-01-31"
  },
  {
    "date": "1999-02-16",
    "symbol": "WMT",
    "eps": 0.07486,
    "epsEstimated": 0.11,
    "time": "bmo",
    "revenue": 33924000000,
    "revenueEstimated": 38747181818,
    "updatedFromDate": "2026-01-28",
    "fiscalDateEnding": "1998-10-31"
  },
  {
    "date": "1998-11-10",
    "symbol": "WMT",
    "eps": 0.07651,
    "epsEstimated": 0.07333,
    "time": "bmo",
    "revenue": 33880000000,
    "revenueEstimated": 32449043478,
    "updatedFromDate": "2026-01-28",
    "fiscalDateEnding": "1998-07-31"
  },
  {
    "date": "1998-08-11",
    "symbol": "WMT",
    "eps": 0.0612,
    "epsEstimated": 0.07333,
    "time": "bmo",
    "revenue": 30157000000,
    "revenueEstimated": 32406956521,
    "updatedFromDate": "2026-01-28",
    "fiscalDateEnding": "1998-04-30"
  },
  {
    "date": "1998-05-12",
    "symbol": "WMT",
    "eps": 0.09512,
    "epsEstimated": 0.05667,
    "time": "bmo",
    "revenue": 35773000000,
    "revenueEstimated": 26982578947,
    "updatedFromDate": "2026-01-28",
    "fiscalDateEnding": "1998-01-31"
  },
  {
    "date": "1997-12-10",
    "symbol": "WMT",
    "eps": 0.05833,
    "epsEstimated": null,
    "time": "bmo",
    "revenue": 29118000000,
    "revenueEstimated": null,
    "updatedFromDate": "2026-01-28",
    "fiscalDateEnding": "1997-10-31"
  },
  {
    "date": "1997-11-11",
    "symbol": "WMT",
    "eps": 0.0584,
    "epsEstimated": 0.05667,
    "time": "bmo",
    "revenue": 28699000000,
    "revenueEstimated": 27508833333,
    "updatedFromDate": "2026-01-28",
    "fiscalDateEnding": "1997-07-31"
  },
  {
    "date": "1997-08-12",
    "symbol": "WMT",
    "eps": 0.04764,
    "epsEstimated": 0.06,
    "time": "bmo",
    "revenue": 25684000000,
    "revenueEstimated": 28704000000,
    "updatedFromDate": "2026-01-28",
    "fiscalDateEnding": "1997-04-30"
  },
  {
    "date": "1997-05-12",
    "symbol": "WMT",
    "eps": 0.08018,
    "epsEstimated": 0.04667,
    "time": "bmo",
    "revenue": 31223000000,
    "revenueEstimated": 25695000000,
    "updatedFromDate": "2026-01-28",
    "fiscalDateEnding": "1997-01-31"
  },
  {
    "date": "1996-12-12",
    "symbol": "WMT",
    "eps": 0.04969,
    "epsEstimated": null,
    "time": "bmo",
    "revenue": 26077000000,
    "revenueEstimated": null,
    "updatedFromDate": "2026-01-28",
    "fiscalDateEnding": "1996-10-31"
  },
  {
    "date": "1996-09-10",
    "symbol": "WMT",
    "eps": 0.05129,
    "epsEstimated": null,
    "time": "bmo",
    "revenue": 25844000000,
    "revenueEstimated": null,
    "updatedFromDate": "2026-01-28",
    "fiscalDateEnding": "1996-07-31"
  },
  {
    "date": "1996-06-12",
    "symbol": "WMT",
    "eps": 0.0415,
    "epsEstimated": null,
    "time": "bmo",
    "revenue": 23001000000,
    "revenueEstimated": null,
    "updatedFromDate": "2026-01-28",
    "fiscalDateEnding": "1996-04-30"
  },
  {
    "date": "1996-04-23",
    "symbol": "WMT",
    "eps": 0.06847,
    "epsEstimated": null,
    "time": "bmo",
    "revenue": 27909000000,
    "revenueEstimated": null,
    "updatedFromDate": "2026-01-28",
    "fiscalDateEnding": "1996-01-31"
  },
  {
    "date": "1995-12-05",
    "symbol": "WMT",
    "eps": 0.04443,
    "epsEstimated": null,
    "time": "bmo",
    "revenue": 23181000000,
    "revenueEstimated": null,
    "updatedFromDate": "2026-01-28",
    "fiscalDateEnding": "1995-10-31"
  },
  {
    "date": "1995-09-11",
    "symbol": "WMT",
    "eps": 0.04595,
    "epsEstimated": null,
    "time": "bmo",
    "revenue": 23007000000,
    "revenueEstimated": null,
    "updatedFromDate": "2026-01-28",
    "fiscalDateEnding": "1995-07-31"
  },
  {
    "date": "1995-06-09",
    "symbol": "WMT",
    "eps": 0.04012,
    "epsEstimated": null,
    "time": "bmo",
    "revenue": 20652000000,
    "revenueEstimated": null,
    "updatedFromDate": "2026-01-28",
    "fiscalDateEnding": "1995-04-30"
  },
  {
    "date": "1995-04-27",
    "symbol": "WMT",
    "eps": 0.07471,
    "epsEstimated": null,
    "time": "bmo",
    "revenue": 25365800000,
    "revenueEstimated": null,
    "updatedFromDate": "2026-01-28",
    "fiscalDateEnding": "1995-01-31"
  },
  {
    "date": "1994-10-31",
    "symbol": "WMT",
    "eps": 0.0424,
    "epsEstimated": null,
    "time": "bmo",
    "revenue": 20417700000,
    "revenueEstimated": null,
    "updatedFromDate": "2026-01-28",
    "fiscalDateEnding": "1994-10-31"
  },
  {
    "date": "1994-07-31",
    "symbol": "WMT",
    "eps": 0.04095,
    "epsEstimated": null,
    "time": "bmo",
    "revenue": 19942300000,
    "revenueEstimated": null,
    "updatedFromDate": "2026-01-28",
    "fiscalDateEnding": "1994-07-31"
  },
  {
    "date": "1994-04-30",
    "symbol": "WMT",
    "eps": 0.03614,
    "epsEstimated": null,
    "time": "bmo",
    "revenue": 17686100000,
    "revenueEstimated": null,
    "updatedFromDate": "2026-01-28",
    "fiscalDateEnding": "1994-04-30"
  },
  {
    "date": "1994-01-31",
    "symbol": "WMT",
    "eps": 0.06384,
    "epsEstimated": null,
    "time": "bmo",
    "revenue": 20360600000,
    "revenueEstimated": null,
    "updatedFromDate": "2026-01-28",
    "fiscalDateEnding": "1994-01-31"
  },
  {
    "date": "1993-10-31",
    "symbol": "WMT",
    "eps": 0.04,
    "epsEstimated": null,
    "time": "bmo",
    "revenue": 16827000000,
    "revenueEstimated": null,
    "updatedFromDate": "2026-01-28",
    "fiscalDateEnding": "1993-10-31"
  },
  {
    "date": "1993-07-31",
    "symbol": "WMT",
    "eps": 0.03667,
    "epsEstimated": null,
    "time": "bmo",
    "revenue": 16236600000,
    "revenueEstimated": null,
    "updatedFromDate": "2026-01-28",
    "fiscalDateEnding": "1993-07-31"
  },
  {
    "date": "1993-04-30",
    "symbol": "WMT",
    "eps": 0.03333,
    "epsEstimated": null,
    "time": "bmo",
    "revenue": 13920400000,
    "revenueEstimated": null,
    "updatedFromDate": "2026-01-28",
    "fiscalDateEnding": "1993-04-30"
  },
  {
    "date": "1993-01-31",
    "symbol": "WMT",
    "eps": 0.05544,
    "epsEstimated": null,
    "time": "bmo",
    "revenue": 17122100000,
    "revenueEstimated": null,
    "updatedFromDate": "2026-01-28",
    "fiscalDateEnding": "1993-01-31"
  },
  {
    "date": "1992-10-31",
    "symbol": "WMT",
    "eps": 0.03333,
    "epsEstimated": null,
    "time": "bmo",
    "revenue": 13683800000,
    "revenueEstimated": null,
    "updatedFromDate": "2026-01-28",
    "fiscalDateEnding": "1992-10-31"
  },
  {
    "date": "1992-07-31",
    "symbol": "WMT",
    "eps": 0.03333,
    "epsEstimated": null,
    "time": "bmo",
    "revenue": 13028400000,
    "revenueEstimated": null,
    "updatedFromDate": "2026-01-28",
    "fiscalDateEnding": "1992-07-31"
  },
  {
    "date": "1992-04-30",
    "symbol": "WMT",
    "eps": 0.03,
    "epsEstimated": null,
    "time": "bmo",
    "revenue": 11649400000,
    "revenueEstimated": null,
    "updatedFromDate": "2026-01-28",
    "fiscalDateEnding": "1992-04-30"
  },
  {
    "date": "1992-01-31",
    "symbol": "WMT",
    "eps": 0.04671,
    "epsEstimated": null,
    "time": "bmo",
    "revenue": 13638900000,
    "revenueEstimated": null,
    "updatedFromDate": "2026-01-28",
    "fiscalDateEnding": "1992-01-31"
  },
  {
    "date": "1991-10-31",
    "symbol": "WMT",
    "eps": 0.02667,
    "epsEstimated": null,
    "time": "bmo",
    "revenue": 10627500000,
    "revenueEstimated": null,
    "updatedFromDate": "2026-01-28",
    "fiscalDateEnding": "1991-10-31"
  },
  {
    "date": "1991-07-31",
    "symbol": "WMT",
    "eps": 0.02667,
    "epsEstimated": null,
    "time": "bmo",
    "revenue": 10340000000,
    "revenueEstimated": null,
    "updatedFromDate": "2026-01-28",
    "fiscalDateEnding": "1991-07-31"
  },
  {
    "date": "1991-04-30",
    "symbol": "WMT",
    "eps": 0.02333,
    "epsEstimated": null,
    "time": "bmo",
    "revenue": 9280600000,
    "revenueEstimated": null,
    "updatedFromDate": "2026-01-28",
    "fiscalDateEnding": "1991-04-30"
  },
  {
    "date": "1991-01-31",
    "symbol": "WMT",
    "eps": 0.03662,
    "epsEstimated": null,
    "time": "bmo",
    "revenue": 10358900000,
    "revenueEstimated": null,
    "updatedFromDate": "2026-01-28",
    "fiscalDateEnding": "1991-01-31"
  },
  {
    "date": "1990-10-31",
    "symbol": "WMT",
    "eps": 0.02333,
    "epsEstimated": null,
    "time": "bmo",
    "revenue": 7931000000,
    "revenueEstimated": null,
    "updatedFromDate": "2026-01-28",
    "fiscalDateEnding": "1990-10-31"
  },
  {
    "date": "1990-07-31",
    "symbol": "WMT",
    "eps": 0.02,
    "epsEstimated": null,
    "time": "bmo",
    "revenue": 7543500000,
    "revenueEstimated": null,
    "updatedFromDate": "2026-01-28",
    "fiscalDateEnding": "1990-07-31"
  },
  {
    "date": "1990-04-30",
    "symbol": "WMT",
    "eps": 0.02,
    "epsEstimated": null,
    "time": "bmo",
    "revenue": 6768200000,
    "revenueEstimated": null,
    "updatedFromDate": "2026-01-28",
    "fiscalDateEnding": "1990-04-30"
  },
  {
    "date": "1990-01-31",
    "symbol": "WMT",
    "eps": 0.03361,
    "epsEstimated": null,
    "time": "bmo",
    "revenue": 8107500000,
    "revenueEstimated": null,
    "updatedFromDate": "2026-01-28",
    "fiscalDateEnding": "1990-01-31"
  },
  {
    "date": "1989-10-31",
    "symbol": "WMT",
    "eps": 0.01667,
    "epsEstimated": null,
    "time": "bmo",
    "revenue": 6283500000,
    "revenueEstimated": null,
    "updatedFromDate": "2026-01-28",
    "fiscalDateEnding": "1989-10-31"
  },
  {
    "date": "1989-07-31",
    "symbol": "WMT",
    "eps": 0.01667,
    "epsEstimated": null,
    "time": "bmo",
    "revenue": 6046400000,
    "revenueEstimated": null,
    "updatedFromDate": "2026-01-28",
    "fiscalDateEnding": "1989-07-31"
  },
  {
    "date": "1989-04-30",
    "symbol": "WMT",
    "eps": 0.01667,
    "epsEstimated": null,
    "time": "bmo",
    "revenue": 5373300000,
    "revenueEstimated": null,
    "updatedFromDate": "2026-01-28",
    "fiscalDateEnding": "1989-04-30"
  },
  {
    "date": "1989-01-31",
    "symbol": "WMT",
    "eps": 0.02716,
    "epsEstimated": null,
    "time": "bmo",
    "revenue": 6530700000,
    "revenueEstimated": null,
    "updatedFromDate": "2026-01-28",
    "fiscalDateEnding": "1989-01-31"
  },
  {
    "date": "1988-10-31",
    "symbol": "WMT",
    "eps": 0.01332,
    "epsEstimated": null,
    "time": "bmo",
    "revenue": 4991200000,
    "revenueEstimated": null,
    "updatedFromDate": "2026-01-28",
    "fiscalDateEnding": "1988-10-31"
  },
  {
    "date": "1988-07-31",
    "symbol": "WMT",
    "eps": 0.01324,
    "epsEstimated": null,
    "time": "bmo",
    "revenue": 4845100000,
    "revenueEstimated": null,
    "updatedFromDate": "2026-01-28",
    "fiscalDateEnding": "1988-07-31"
  },
  {
    "date": "1988-04-30",
    "symbol": "WMT",
    "eps": 0.01134,
    "epsEstimated": null,
    "time": "bmo",
    "revenue": 4282000000,
    "revenueEstimated": null,
    "updatedFromDate": "2026-01-28",
    "fiscalDateEnding": "1988-04-30"
  },
  {
    "date": "1988-01-31",
    "symbol": "WMT",
    "eps": 0.01824,
    "epsEstimated": null,
    "time": "bmo",
    "revenue": 5000300000,
    "revenueEstimated": null,
    "updatedFromDate": "2026-01-28",
    "fiscalDateEnding": "1988-01-31"
  },
  {
    "date": "1987-10-31",
    "symbol": "WMT",
    "eps": 0.01005,
    "epsEstimated": null,
    "time": "bmo",
    "revenue": 4015000000,
    "revenueEstimated": null,
    "updatedFromDate": "2026-01-28",
    "fiscalDateEnding": "1987-10-31"
  },
  {
    "date": "1987-07-31",
    "symbol": "WMT",
    "eps": 0.0099,
    "epsEstimated": null,
    "time": "bmo",
    "revenue": 3732200000,
    "revenueEstimated": null,
    "updatedFromDate": "2026-01-28",
    "fiscalDateEnding": "1987-07-31"
  },
  {
    "date": "1987-04-30",
    "symbol": "WMT",
    "eps": 0.00816,
    "epsEstimated": null,
    "time": "bmo",
    "revenue": 3211800000,
    "revenueEstimated": null,
    "updatedFromDate": "2026-01-28",
    "fiscalDateEnding": "1987-04-30"
  },
  {
    "date": "1987-01-31",
    "symbol": "WMT",
    "eps": 0.01362,
    "epsEstimated": null,
    "time": "bmo",
    "revenue": 3845600000,
    "revenueEstimated": null,
    "updatedFromDate": "2026-01-28",
    "fiscalDateEnding": "1987-01-31"
  },
  {
    "date": "1986-10-31",
    "symbol": "WMT",
    "eps": 0.00713,
    "epsEstimated": null,
    "time": "bmo",
    "revenue": 2949000000,
    "revenueEstimated": null,
    "updatedFromDate": "2026-01-28",
    "fiscalDateEnding": "1986-10-31"
  },
  {
    "date": "1986-07-31",
    "symbol": "WMT",
    "eps": 0.00711,
    "epsEstimated": null,
    "time": "bmo",
    "revenue": 2770300000,
    "revenueEstimated": null,
    "updatedFromDate": "2026-01-28",
    "fiscalDateEnding": "1986-07-31"
  },
  {
    "date": "1986-04-30",
    "symbol": "WMT",
    "eps": 0.00545,
    "epsEstimated": null,
    "time": "bmo",
    "revenue": 2344300000,
    "revenueEstimated": null,
    "updatedFromDate": "2026-01-28",
    "fiscalDateEnding": "1986-04-30"
  },
  {
    "date": "1986-01-31",
    "symbol": "WMT",
    "eps": 0.00988,
    "epsEstimated": null,
    "time": "bmo",
    "revenue": 2786900000,
    "revenueEstimated": null,
    "updatedFromDate": "2026-01-28",
    "fiscalDateEnding": "1986-01-31"
  },
  {
    "date": "1985-10-31",
    "symbol": "WMT",
    "eps": 0.00526,
    "epsEstimated": null,
    "time": "bmo",
    "revenue": 2087500000,
    "revenueEstimated": null,
    "updatedFromDate": "2026-01-28",
    "fiscalDateEnding": "1985-10-31"
  }
]