[
  {
    "date": "2026-04-22",
    "symbol": "GOOG",
    "eps": null,
    "epsEstimated": null,
    "time": "amc",
    "revenue": null,
    "revenueEstimated": null,
    "updatedFromDate": "2025-12-27",
    "fiscalDateEnding": "2026-03-30"
  },
  {
    "date": "2026-02-03",
    "symbol": "GOOG",
    "eps": null,
    "epsEstimated": 2.59,
    "time": "bmo",
    "revenue": null,
    "revenueEstimated": 111196423190,
    "updatedFromDate": "2025-12-27",
    "fiscalDateEnding": "2025-12-30"
  },
  {
    "date": "2025-10-29",
    "symbol": "GOOG",
    "eps": 2.87,
    "epsEstimated": 2.3,
    "time": "amc",
    "revenue": 102346000000,
    "revenueEstimated": 99927409490,
    "updatedFromDate": "2025-12-27",
    "fiscalDateEnding": "2025-09-30"
  },
  {
    "date": "2025-07-23",
    "symbol": "GOOG",
    "eps": 2.31,
    "epsEstimated": 2.18,
    "time": "amc",
    "revenue": 96428000000,
    "revenueEstimated": 94042223225,
    "updatedFromDate": "2025-10-23",
    "fiscalDateEnding": "2025-06-30"
  },
  {
    "date": "2025-04-24",
    "symbol": "GOOG",
    "eps": 2.81,
    "epsEstimated": 2.02,
    "time": "amc",
    "revenue": 90234000000,
    "revenueEstimated": 89204003142,
    "updatedFromDate": "2025-07-24",
    "fiscalDateEnding": "2025-03-31"
  },
  {
    "date": "2025-02-04",
    "symbol": "GOOG",
    "eps": 2.15,
    "epsEstimated": 2.12,
    "time": "amc",
    "revenue": 96469000000,
    "revenueEstimated": 96699415218,
    "updatedFromDate": "2025-07-16",
    "fiscalDateEnding": "2024-12-31"
  },
  {
    "date": "2024-10-29",
    "symbol": "GOOG",
    "eps": 2.12,
    "epsEstimated": 1.85,
    "time": "amc",
    "revenue": 88268000000,
    "revenueEstimated": 86390390001,
    "updatedFromDate": "2025-07-16",
    "fiscalDateEnding": "2024-09-30"
  },
  {
    "date": "2024-07-23",
    "symbol": "GOOG",
    "eps": 1.89,
    "epsEstimated": 1.84,
    "time": "amc",
    "revenue": 84742000000,
    "revenueEstimated": 84208298213,
    "updatedFromDate": "2025-07-16",
    "fiscalDateEnding": "2024-06-30"
  },
  {
    "date": "2024-04-25",
    "symbol": "GOOG",
    "eps": 1.89,
    "epsEstimated": 1.51,
    "time": "amc",
    "revenue": 80539000000,
    "revenueEstimated": 78732858414,
    "updatedFromDate": "2025-07-16",
    "fiscalDateEnding": "2024-03-31"
  },
  {
    "date": "2024-01-30",
    "symbol": "GOOG",
    "eps": 1.64,
    "epsEstimated": 1.59,
    "time": "amc",
    "revenue": 86310000000,
    "revenueEstimated": 78685400000,
    "updatedFromDate": "2025-07-16",
    "fiscalDateEnding": "2023-12-31"
  },
  {
    "date": "2023-10-24",
    "symbol": "GOOG",
    "eps": 1.55,
    "epsEstimated": 1.45,
    "time": "amc",
    "revenue": 76693000000,
    "revenueEstimated": 71557000000,
    "updatedFromDate": "2025-07-16",
    "fiscalDateEnding": "2023-09-30"
  },
  {
    "date": "2023-07-25",
    "symbol": "GOOG",
    "eps": 1.44,
    "epsEstimated": 1.34,
    "time": "amc",
    "revenue": 74604000000,
    "revenueEstimated": 65419100000,
    "updatedFromDate": "2025-07-16",
    "fiscalDateEnding": "2023-06-30"
  },
  {
    "date": "2023-04-25",
    "symbol": "GOOG",
    "eps": 1.17,
    "epsEstimated": 1.06,
    "time": "amc",
    "revenue": 69787000000,
    "revenueEstimated": 68883200000,
    "updatedFromDate": "2025-07-16",
    "fiscalDateEnding": "2023-03-31"
  },
  {
    "date": "2023-02-02",
    "symbol": "GOOG",
    "eps": 1.05,
    "epsEstimated": 1.19,
    "time": "amc",
    "revenue": 76048000000,
    "revenueEstimated": 76178599640,
    "updatedFromDate": "2025-07-16",
    "fiscalDateEnding": "2022-12-31"
  },
  {
    "date": "2022-10-25",
    "symbol": "GOOG",
    "eps": 1.06,
    "epsEstimated": 1.25,
    "time": "amc",
    "revenue": 69092000000,
    "revenueEstimated": 70976575302,
    "updatedFromDate": "2025-07-16",
    "fiscalDateEnding": "2022-09-30"
  },
  {
    "date": "2022-07-26",
    "symbol": "GOOG",
    "eps": 1.21,
    "epsEstimated": 1.3,
    "time": "amc",
    "revenue": 69685000000,
    "revenueEstimated": 69798841230,
    "updatedFromDate": "2025-07-16",
    "fiscalDateEnding": "2022-06-30"
  },
  {
    "date": "2022-04-26",
    "symbol": "GOOG",
    "eps": 1.23,
    "epsEstimated": 1.29,
    "time": "amc",
    "revenue": 68011000000,
    "revenueEstimated": 68055248066,
    "updatedFromDate": "2025-07-16",
    "fiscalDateEnding": "2022-03-31"
  },
  {
    "date": "2022-02-01",
    "symbol": "GOOG",
    "eps": 1.53,
    "epsEstimated": 1.38,
    "time": "amc",
    "revenue": 75325000000,
    "revenueEstimated": 72270996583,
    "updatedFromDate": "2025-07-16",
    "fiscalDateEnding": "2021-12-31"
  },
  {
    "date": "2021-10-26",
    "symbol": "GOOG",
    "eps": 1.4,
    "epsEstimated": 1.17,
    "time": "amc",
    "revenue": 65118000000,
    "revenueEstimated": 63378600000,
    "updatedFromDate": "2025-07-16",
    "fiscalDateEnding": "2021-09-30"
  },
  {
    "date": "2021-07-27",
    "symbol": "GOOG",
    "eps": 1.36,
    "epsEstimated": 0.96,
    "time": "amc",
    "revenue": 61880000000,
    "revenueEstimated": 63337000000,
    "updatedFromDate": "2025-07-16",
    "fiscalDateEnding": "2021-06-30"
  },
  {
    "date": "2021-04-27",
    "symbol": "GOOG",
    "eps": 1.31,
    "epsEstimated": 0.79,
    "time": "amc",
    "revenue": 55314000000,
    "revenueEstimated": 47157100785,
    "updatedFromDate": "2025-07-16",
    "fiscalDateEnding": "2021-03-31"
  },
  {
    "date": "2021-02-02",
    "symbol": "GOOG",
    "eps": 1.12,
    "epsEstimated": 0.8,
    "time": "amc",
    "revenue": 56898000000,
    "revenueEstimated": 51667227016,
    "updatedFromDate": "2025-07-16",
    "fiscalDateEnding": "2020-12-31"
  },
  {
    "date": "2020-10-29",
    "symbol": "GOOG",
    "eps": 0.82,
    "epsEstimated": 0.56,
    "time": "amc",
    "revenue": 46173000000,
    "revenueEstimated": 3427252439,
    "updatedFromDate": "2025-07-16",
    "fiscalDateEnding": "2020-09-30"
  },
  {
    "date": "2020-07-30",
    "symbol": "GOOG",
    "eps": 0.51,
    "epsEstimated": 0.42,
    "time": "amc",
    "revenue": 38297000000,
    "revenueEstimated": 31529810463,
    "updatedFromDate": "2025-07-16",
    "fiscalDateEnding": "2020-06-30"
  },
  {
    "date": "2020-04-28",
    "symbol": "GOOG",
    "eps": 0.49,
    "epsEstimated": 0.52,
    "time": "amc",
    "revenue": 41159000000,
    "revenueEstimated": 43285756838,
    "updatedFromDate": "2025-07-16",
    "fiscalDateEnding": "2020-03-31"
  },
  {
    "date": "2020-02-03",
    "symbol": "GOOG",
    "eps": 0.77,
    "epsEstimated": 0.63,
    "time": "amc",
    "revenue": 46075000000,
    "revenueEstimated": 37790504885,
    "updatedFromDate": "2025-07-16",
    "fiscalDateEnding": "2019-12-31"
  },
  {
    "date": "2019-10-28",
    "symbol": "GOOG",
    "eps": 0.54,
    "epsEstimated": 0.62,
    "time": "amc",
    "revenue": 40499000000,
    "revenueEstimated": 49863393280,
    "updatedFromDate": "2025-07-16",
    "fiscalDateEnding": "2019-09-30"
  },
  {
    "date": "2019-07-25",
    "symbol": "GOOG",
    "eps": 0.71,
    "epsEstimated": 0.57,
    "time": "amc",
    "revenue": 38944000000,
    "revenueEstimated": 31051057002,
    "updatedFromDate": "2025-07-16",
    "fiscalDateEnding": "2019-06-30"
  },
  {
    "date": "2019-04-29",
    "symbol": "GOOG",
    "eps": 0.6,
    "epsEstimated": 0.53,
    "time": "amc",
    "revenue": 36339000000,
    "revenueEstimated": 40661428421,
    "updatedFromDate": "2025-07-16",
    "fiscalDateEnding": "2019-03-31"
  },
  {
    "date": "2019-02-04",
    "symbol": "GOOG",
    "eps": 0.64,
    "epsEstimated": 0.54,
    "time": "amc",
    "revenue": 39276000000,
    "revenueEstimated": 33278490211,
    "updatedFromDate": "2025-07-16",
    "fiscalDateEnding": "2018-12-31"
  },
  {
    "date": "2018-10-25",
    "symbol": "GOOG",
    "eps": 0.65,
    "epsEstimated": 0.52,
    "time": "amc",
    "revenue": 33740000000,
    "revenueEstimated": 26867993874,
    "updatedFromDate": "2025-07-16",
    "fiscalDateEnding": "2018-09-30"
  },
  {
    "date": "2018-07-23",
    "symbol": "GOOG",
    "eps": 0.59,
    "epsEstimated": 0.477,
    "time": "amc",
    "revenue": 32657000000,
    "revenueEstimated": 68622859030,
    "updatedFromDate": "2025-07-16",
    "fiscalDateEnding": "2018-06-30"
  },
  {
    "date": "2018-04-23",
    "symbol": "GOOG",
    "eps": 0.5,
    "epsEstimated": 0.47,
    "time": "amc",
    "revenue": 31146000000,
    "revenueEstimated": 21776498124,
    "updatedFromDate": "2025-07-16",
    "fiscalDateEnding": "2018-03-31"
  },
  {
    "date": "2018-02-01",
    "symbol": "GOOG",
    "eps": 0.48,
    "epsEstimated": 0.498,
    "time": "amc",
    "revenue": 32323000000,
    "revenueEstimated": 33189389690,
    "updatedFromDate": "2025-07-16",
    "fiscalDateEnding": "2017-12-31"
  },
  {
    "date": "2017-10-26",
    "symbol": "GOOG",
    "eps": 0.48,
    "epsEstimated": 0.42,
    "time": "amc",
    "revenue": 27772000000,
    "revenueEstimated": 24173538140,
    "updatedFromDate": "2025-07-16",
    "fiscalDateEnding": "2017-09-30"
  },
  {
    "date": "2017-07-24",
    "symbol": "GOOG",
    "eps": 0.25,
    "epsEstimated": 0.22,
    "time": "amc",
    "revenue": 26010000000,
    "revenueEstimated": 23206526946,
    "updatedFromDate": "2025-07-16",
    "fiscalDateEnding": "2017-06-30"
  },
  {
    "date": "2017-04-27",
    "symbol": "GOOG",
    "eps": 0.39,
    "epsEstimated": 0.37,
    "time": "amc",
    "revenue": 24750000000,
    "revenueEstimated": 23661384217,
    "updatedFromDate": "2025-07-16",
    "fiscalDateEnding": "2017-03-31"
  },
  {
    "date": "2017-01-26",
    "symbol": "GOOG",
    "eps": 0.47,
    "epsEstimated": 0.48,
    "time": "amc",
    "revenue": 26064000000,
    "revenueEstimated": 26927230769,
    "updatedFromDate": "2025-07-16",
    "fiscalDateEnding": "2016-12-31"
  },
  {
    "date": "2016-10-27",
    "symbol": "GOOG",
    "eps": 0.45,
    "epsEstimated": 0.43,
    "time": "amc",
    "revenue": 22451000000,
    "revenueEstimated": 21410225165,
    "updatedFromDate": "2025-07-16",
    "fiscalDateEnding": "2016-09-30"
  },
  {
    "date": "2016-07-28",
    "symbol": "GOOG",
    "eps": 0.42,
    "epsEstimated": 0.4,
    "time": "amc",
    "revenue": 21500000000,
    "revenueEstimated": 20504156769,
    "updatedFromDate": "2025-07-16",
    "fiscalDateEnding": "2016-06-30"
  },
  {
    "date": "2016-04-21",
    "symbol": "GOOG",
    "eps": 0.38,
    "epsEstimated": 0.4,
    "time": "amc",
    "revenue": 20257000000,
    "revenueEstimated": 21499429333,
    "updatedFromDate": "2025-07-16",
    "fiscalDateEnding": "2016-03-31"
  },
  {
    "date": "2016-02-01",
    "symbol": "GOOG",
    "eps": 0.43,
    "epsEstimated": 0.4,
    "time": "amc",
    "revenue": 21329000000,
    "revenueEstimated": 19926747404,
    "updatedFromDate": "2025-07-16",
    "fiscalDateEnding": "2015-12-31"
  },
  {
    "date": "2015-10-22",
    "symbol": "GOOG",
    "eps": 0.37,
    "epsEstimated": 0.36,
    "time": "amc",
    "revenue": 18675000000,
    "revenueEstimated": 18312378640,
    "updatedFromDate": "2025-07-16",
    "fiscalDateEnding": "2015-09-30"
  },
  {
    "date": "2015-07-16",
    "symbol": "GOOG",
    "eps": 0.35,
    "epsEstimated": 0.337,
    "time": "amc",
    "revenue": 17727000000,
    "revenueEstimated": 17069470326,
    "updatedFromDate": "2025-07-16",
    "fiscalDateEnding": "2015-06-30"
  },
  {
    "date": "2015-04-23",
    "symbol": "GOOG",
    "eps": 0.33,
    "epsEstimated": null,
    "time": "amc",
    "revenue": 17258000000,
    "revenueEstimated": null,
    "updatedFromDate": "2025-07-16",
    "fiscalDateEnding": "2015-03-31"
  },
  {
    "date": "2015-01-29",
    "symbol": "GOOG",
    "eps": 0.34,
    "epsEstimated": null,
    "time": "amc",
    "revenue": 18103000000,
    "revenueEstimated": null,
    "updatedFromDate": "2025-07-16",
    "fiscalDateEnding": "2014-12-31"
  },
  {
    "date": "2014-10-16",
    "symbol": "GOOG",
    "eps": 0.32,
    "epsEstimated": null,
    "time": "amc",
    "revenue": 16523000000,
    "revenueEstimated": null,
    "updatedFromDate": "2025-07-16",
    "fiscalDateEnding": "2014-09-30"
  },
  {
    "date": "2014-07-17",
    "symbol": "GOOG",
    "eps": 0.3,
    "epsEstimated": null,
    "time": "amc",
    "revenue": 15955000000,
    "revenueEstimated": null,
    "updatedFromDate": "2025-07-16",
    "fiscalDateEnding": "2014-06-30"
  },
  {
    "date": "2014-04-16",
    "symbol": "GOOG",
    "eps": 0.31,
    "epsEstimated": 0.32,
    "time": "amc",
    "revenue": 15420000000,
    "revenueEstimated": null,
    "updatedFromDate": "2025-07-16",
    "fiscalDateEnding": "2014-03-31"
  },
  {
    "date": "2014-01-30",
    "symbol": "GOOG",
    "eps": 0.6,
    "epsEstimated": 0.62,
    "time": "amc",
    "revenue": 16858000000,
    "revenueEstimated": null,
    "updatedFromDate": "2025-07-16",
    "fiscalDateEnding": "2013-12-31"
  },
  {
    "date": "2013-10-17",
    "symbol": "GOOG",
    "eps": 0.54,
    "epsEstimated": 0.52,
    "time": "amc",
    "revenue": 14893000000,
    "revenueEstimated": null,
    "updatedFromDate": "2025-07-16",
    "fiscalDateEnding": "2013-09-30"
  },
  {
    "date": "2013-07-18",
    "symbol": "GOOG",
    "eps": 0.48,
    "epsEstimated": 0.54,
    "time": "amc",
    "revenue": 14105000000,
    "revenueEstimated": null,
    "updatedFromDate": "2025-07-16",
    "fiscalDateEnding": "2013-06-30"
  },
  {
    "date": "2013-04-18",
    "symbol": "GOOG",
    "eps": 0.58,
    "epsEstimated": 0.53,
    "time": "amc",
    "revenue": 13969000000,
    "revenueEstimated": null,
    "updatedFromDate": "2025-07-16",
    "fiscalDateEnding": "2013-03-31"
  },
  {
    "date": "2013-01-22",
    "symbol": "GOOG",
    "eps": 0.53,
    "epsEstimated": 0.53,
    "time": "amc",
    "revenue": 13215000000,
    "revenueEstimated": null,
    "updatedFromDate": "2025-07-16",
    "fiscalDateEnding": "2012-12-31"
  },
  {
    "date": "2012-10-18",
    "symbol": "GOOG",
    "eps": 0.45,
    "epsEstimated": 0.53,
    "time": "amc",
    "revenue": 14101000000,
    "revenueEstimated": null,
    "updatedFromDate": "2025-07-16",
    "fiscalDateEnding": "2012-09-30"
  },
  {
    "date": "2012-07-19",
    "symbol": "GOOG",
    "eps": 0.5,
    "epsEstimated": null,
    "time": "amc",
    "revenue": 12214000000,
    "revenueEstimated": null,
    "updatedFromDate": "2025-07-16",
    "fiscalDateEnding": "2012-06-30"
  },
  {
    "date": "2012-04-25",
    "symbol": "GOOG",
    "eps": 0.2188,
    "epsEstimated": null,
    "time": "amc",
    "revenue": 10645000000,
    "revenueEstimated": null,
    "updatedFromDate": "2025-07-16",
    "fiscalDateEnding": "2012-03-31"
  },
  {
    "date": "2012-04-12",
    "symbol": "GOOG",
    "eps": 0.5,
    "epsEstimated": null,
    "time": "amc",
    "revenue": 10583000000,
    "revenueEstimated": null,
    "updatedFromDate": "2025-07-16",
    "fiscalDateEnding": "2011-12-31"
  },
  {
    "date": "2011-10-26",
    "symbol": "GOOG",
    "eps": 0.2084,
    "epsEstimated": null,
    "time": "amc",
    "revenue": 9720000000,
    "revenueEstimated": null,
    "updatedFromDate": "2025-07-16",
    "fiscalDateEnding": "2011-09-30"
  },
  {
    "date": "2011-07-27",
    "symbol": "GOOG",
    "eps": 0.1921,
    "epsEstimated": null,
    "time": "amc",
    "revenue": 9026000000,
    "revenueEstimated": null,
    "updatedFromDate": "2025-07-16",
    "fiscalDateEnding": "2011-06-30"
  },
  {
    "date": "2011-05-10",
    "symbol": "GOOG",
    "eps": 0.1377,
    "epsEstimated": null,
    "time": "amc",
    "revenue": 8575000000,
    "revenueEstimated": null,
    "updatedFromDate": "2025-07-16",
    "fiscalDateEnding": "2011-03-31"
  },
  {
    "date": "2011-02-11",
    "symbol": "GOOG",
    "eps": 0.1967,
    "epsEstimated": null,
    "time": "amc",
    "revenue": 8440000000,
    "revenueEstimated": null,
    "updatedFromDate": "2025-07-16",
    "fiscalDateEnding": "2010-12-31"
  },
  {
    "date": "2010-10-29",
    "symbol": "GOOG",
    "eps": 0.168,
    "epsEstimated": null,
    "time": "amc",
    "revenue": 7286000000,
    "revenueEstimated": null,
    "updatedFromDate": "2025-07-16",
    "fiscalDateEnding": "2010-09-30"
  },
  {
    "date": "2010-07-30",
    "symbol": "GOOG",
    "eps": 0.1426,
    "epsEstimated": null,
    "time": "amc",
    "revenue": 6820000000,
    "revenueEstimated": null,
    "updatedFromDate": "2025-07-16",
    "fiscalDateEnding": "2010-06-30"
  },
  {
    "date": "2010-05-05",
    "symbol": "GOOG",
    "eps": 0.1515,
    "epsEstimated": null,
    "time": "amc",
    "revenue": 6775000000,
    "revenueEstimated": null,
    "updatedFromDate": "2025-07-16",
    "fiscalDateEnding": "2010-03-31"
  },
  {
    "date": "2010-02-12",
    "symbol": "GOOG",
    "eps": 0.1554,
    "epsEstimated": null,
    "time": "amc",
    "revenue": 6673825000,
    "revenueEstimated": null,
    "updatedFromDate": "2025-07-16",
    "fiscalDateEnding": "2009-12-31"
  },
  {
    "date": "2009-11-03",
    "symbol": "GOOG",
    "eps": 0.1281,
    "epsEstimated": null,
    "time": "amc",
    "revenue": 5944851000,
    "revenueEstimated": null,
    "updatedFromDate": "2025-07-16",
    "fiscalDateEnding": "2009-09-30"
  },
  {
    "date": "2009-08-04",
    "symbol": "GOOG",
    "eps": 0.1165,
    "epsEstimated": null,
    "time": "amc",
    "revenue": 5522897000,
    "revenueEstimated": null,
    "updatedFromDate": "2025-07-16",
    "fiscalDateEnding": "2009-06-30"
  },
  {
    "date": "2009-05-06",
    "symbol": "GOOG",
    "eps": 0.1121,
    "epsEstimated": null,
    "time": "amc",
    "revenue": 5508990000,
    "revenueEstimated": null,
    "updatedFromDate": "2025-07-16",
    "fiscalDateEnding": "2009-03-31"
  },
  {
    "date": "2009-02-13",
    "symbol": "GOOG",
    "eps": 0.03011,
    "epsEstimated": null,
    "time": "amc",
    "revenue": 5700904000,
    "revenueEstimated": null,
    "updatedFromDate": "2025-07-16",
    "fiscalDateEnding": "2008-12-31"
  },
  {
    "date": "2008-11-07",
    "symbol": "GOOG",
    "eps": 0.1015,
    "epsEstimated": null,
    "time": "amc",
    "revenue": 5541391000,
    "revenueEstimated": null,
    "updatedFromDate": "2025-07-16",
    "fiscalDateEnding": "2008-09-30"
  },
  {
    "date": "2008-08-07",
    "symbol": "GOOG",
    "eps": 0.09806,
    "epsEstimated": null,
    "time": "amc",
    "revenue": 5367212000,
    "revenueEstimated": null,
    "updatedFromDate": "2025-07-16",
    "fiscalDateEnding": "2008-06-30"
  },
  {
    "date": "2008-05-12",
    "symbol": "GOOG",
    "eps": 0.103,
    "epsEstimated": null,
    "time": "amc",
    "revenue": 5186043000,
    "revenueEstimated": null,
    "updatedFromDate": "2025-07-16",
    "fiscalDateEnding": "2008-03-31"
  },
  {
    "date": "2008-02-15",
    "symbol": "GOOG",
    "eps": 0.09704,
    "epsEstimated": null,
    "time": "amc",
    "revenue": 4826679000,
    "revenueEstimated": null,
    "updatedFromDate": "2025-07-16",
    "fiscalDateEnding": "2007-12-31"
  },
  {
    "date": "2007-11-07",
    "symbol": "GOOG",
    "eps": 0.0845,
    "epsEstimated": null,
    "time": "amc",
    "revenue": 4231351000,
    "revenueEstimated": null,
    "updatedFromDate": "2025-07-16",
    "fiscalDateEnding": "2007-09-30"
  },
  {
    "date": "2007-08-08",
    "symbol": "GOOG",
    "eps": 0.07331,
    "epsEstimated": null,
    "time": "amc",
    "revenue": 3871985000,
    "revenueEstimated": null,
    "updatedFromDate": "2025-07-16",
    "fiscalDateEnding": "2007-06-30"
  },
  {
    "date": "2007-05-10",
    "symbol": "GOOG",
    "eps": 0.07957,
    "epsEstimated": null,
    "time": "amc",
    "revenue": 3663971000,
    "revenueEstimated": null,
    "updatedFromDate": "2025-07-16",
    "fiscalDateEnding": "2007-03-31"
  },
  {
    "date": "2007-03-01",
    "symbol": "GOOG",
    "eps": 0.08324,
    "epsEstimated": null,
    "time": "amc",
    "revenue": 3205498000,
    "revenueEstimated": null,
    "updatedFromDate": "2025-07-16",
    "fiscalDateEnding": "2006-12-31"
  },
  {
    "date": "2006-11-08",
    "symbol": "GOOG",
    "eps": 0.05903,
    "epsEstimated": null,
    "time": "amc",
    "revenue": 2689673000,
    "revenueEstimated": null,
    "updatedFromDate": "2025-07-16",
    "fiscalDateEnding": "2006-09-30"
  },
  {
    "date": "2006-08-09",
    "symbol": "GOOG",
    "eps": 0.05825,
    "epsEstimated": null,
    "time": "amc",
    "revenue": 2455991000,
    "revenueEstimated": null,
    "updatedFromDate": "2025-07-16",
    "fiscalDateEnding": "2006-06-30"
  },
  {
    "date": "2006-05-10",
    "symbol": "GOOG",
    "eps": 0.04875,
    "epsEstimated": null,
    "time": "amc",
    "revenue": 2253755000,
    "revenueEstimated": null,
    "updatedFromDate": "2025-07-16",
    "fiscalDateEnding": "2006-03-31"
  },
  {
    "date": "2006-03-16",
    "symbol": "GOOG",
    "eps": 0.03188,
    "epsEstimated": null,
    "time": "amc",
    "revenue": 1919092000,
    "revenueEstimated": null,
    "updatedFromDate": "2025-07-16",
    "fiscalDateEnding": "2005-12-31"
  },
  {
    "date": "2005-11-14",
    "symbol": "GOOG",
    "eps": 0.0329,
    "epsEstimated": null,
    "time": "amc",
    "revenue": 1578456000,
    "revenueEstimated": null,
    "updatedFromDate": "2025-07-16",
    "fiscalDateEnding": "2005-09-30"
  },
  {
    "date": "2005-08-15",
    "symbol": "GOOG",
    "eps": 0.02984,
    "epsEstimated": null,
    "time": "amc",
    "revenue": 1384495000,
    "revenueEstimated": null,
    "updatedFromDate": "2025-07-16",
    "fiscalDateEnding": "2005-06-30"
  },
  {
    "date": "2005-05-16",
    "symbol": "GOOG",
    "eps": 0.0322,
    "epsEstimated": null,
    "time": "amc",
    "revenue": 1256516000,
    "revenueEstimated": null,
    "updatedFromDate": "2025-07-16",
    "fiscalDateEnding": "2005-03-31"
  },
  {
    "date": "2005-03-30",
    "symbol": "GOOG",
    "eps": 0.01868,
    "epsEstimated": null,
    "time": "amc",
    "revenue": 1031501000,
    "revenueEstimated": null,
    "updatedFromDate": "2025-07-16",
    "fiscalDateEnding": "2004-12-31"
  },
  {
    "date": "2004-11-15",
    "symbol": "GOOG",
    "eps": 0.00476,
    "epsEstimated": null,
    "time": "amc",
    "revenue": 805887000,
    "revenueEstimated": null,
    "updatedFromDate": "2025-07-16",
    "fiscalDateEnding": "2004-09-30"
  },
  {
    "date": "2004-08-16",
    "symbol": "GOOG",
    "eps": 0.00724,
    "epsEstimated": null,
    "time": "amc",
    "revenue": 700212000,
    "revenueEstimated": null,
    "updatedFromDate": "2025-07-16",
    "fiscalDateEnding": "2004-06-30"
  },
  {
    "date": "2004-03-30",
    "symbol": "GOOG",
    "eps": 0.00586,
    "epsEstimated": null,
    "time": "amc",
    "revenue": 651623000,
    "revenueEstimated": null,
    "updatedFromDate": "2025-07-16",
    "fiscalDateEnding": "2004-03-31"
  },
  {
    "date": "2003-06-29",
    "symbol": "GOOG",
    "eps": 0.0023,
    "epsEstimated": null,
    "time": "amc",
    "revenue": 311199000,
    "revenueEstimated": null,
    "updatedFromDate": "2025-07-16",
    "fiscalDateEnding": "2003-06-30"
  }
]