[
  {
    "date": "2026-05-26",
    "symbol": "NVDA",
    "eps": null,
    "epsEstimated": null,
    "time": "amc",
    "revenue": null,
    "revenueEstimated": null,
    "updatedFromDate": "2026-02-08",
    "fiscalDateEnding": "2026-04-26"
  },
  {
    "date": "2026-02-25",
    "symbol": "NVDA",
    "eps": null,
    "epsEstimated": 1.52,
    "time": "amc",
    "revenue": null,
    "revenueEstimated": 65550735640,
    "updatedFromDate": "2026-02-08",
    "fiscalDateEnding": "2026-01-26"
  },
  {
    "date": "2025-11-19",
    "symbol": "NVDA",
    "eps": 1.3,
    "epsEstimated": 1.26,
    "time": "amc",
    "revenue": 57006000000,
    "revenueEstimated": 54961119678,
    "updatedFromDate": "2026-02-08",
    "fiscalDateEnding": "2025-10-26"
  },
  {
    "date": "2025-08-27",
    "symbol": "NVDA",
    "eps": 1.05,
    "epsEstimated": 1.01,
    "time": "amc",
    "revenue": 46743000000,
    "revenueEstimated": 46048920689,
    "updatedFromDate": "2025-11-26",
    "fiscalDateEnding": "2025-07-27"
  },
  {
    "date": "2025-05-28",
    "symbol": "NVDA",
    "eps": 0.81,
    "epsEstimated": 0.737,
    "time": "amc",
    "revenue": 44062000000,
    "revenueEstimated": 43334160366,
    "updatedFromDate": "2025-08-28",
    "fiscalDateEnding": "2025-04-27"
  },
  {
    "date": "2025-02-26",
    "symbol": "NVDA",
    "eps": 0.89,
    "epsEstimated": 0.848,
    "time": "amc",
    "revenue": 39331000000,
    "revenueEstimated": 38101348563,
    "updatedFromDate": "2025-05-26",
    "fiscalDateEnding": "2025-01-26"
  },
  {
    "date": "2024-11-20",
    "symbol": "NVDA",
    "eps": 0.81,
    "epsEstimated": 0.75,
    "time": "amc",
    "revenue": 35082000000,
    "revenueEstimated": 33171592429,
    "updatedFromDate": "2025-04-24",
    "fiscalDateEnding": "2024-10-27"
  },
  {
    "date": "2024-08-28",
    "symbol": "NVDA",
    "eps": 0.68,
    "epsEstimated": 0.64,
    "time": "amc",
    "revenue": 30040000000,
    "revenueEstimated": 28779505589,
    "updatedFromDate": "2025-04-24",
    "fiscalDateEnding": "2024-07-28"
  },
  {
    "date": "2024-05-22",
    "symbol": "NVDA",
    "eps": 0.61,
    "epsEstimated": 0.56,
    "time": "amc",
    "revenue": 26044000000,
    "revenueEstimated": 24592795107,
    "updatedFromDate": "2025-04-24",
    "fiscalDateEnding": "2024-04-28"
  },
  {
    "date": "2024-02-21",
    "symbol": "NVDA",
    "eps": 0.52,
    "epsEstimated": 0.46,
    "time": "amc",
    "revenue": 22103000000,
    "revenueEstimated": 20238800000,
    "updatedFromDate": "2025-04-24",
    "fiscalDateEnding": "2024-01-28"
  },
  {
    "date": "2023-11-21",
    "symbol": "NVDA",
    "eps": 0.4,
    "epsEstimated": 0.34,
    "time": "amc",
    "revenue": 18120000000,
    "revenueEstimated": 15194600000,
    "updatedFromDate": "2025-04-24",
    "fiscalDateEnding": "2023-10-29"
  },
  {
    "date": "2023-08-23",
    "symbol": "NVDA",
    "eps": 0.27,
    "epsEstimated": 0.21,
    "time": "amc",
    "revenue": 13507000000,
    "revenueEstimated": 11224000000,
    "updatedFromDate": "2025-04-24",
    "fiscalDateEnding": "2023-07-30"
  },
  {
    "date": "2023-05-24",
    "symbol": "NVDA",
    "eps": 0.11,
    "epsEstimated": 0.09,
    "time": "amc",
    "revenue": 7192000000,
    "revenueEstimated": 6516830000,
    "updatedFromDate": "2025-04-24",
    "fiscalDateEnding": "2023-04-30"
  },
  {
    "date": "2023-02-22",
    "symbol": "NVDA",
    "eps": 0.09,
    "epsEstimated": 0.08,
    "time": "amc",
    "revenue": 6051000000,
    "revenueEstimated": 6015051686,
    "updatedFromDate": "2025-04-24",
    "fiscalDateEnding": "2023-01-29"
  },
  {
    "date": "2022-11-16",
    "symbol": "NVDA",
    "eps": 0.06,
    "epsEstimated": 0.07,
    "time": "amc",
    "revenue": 5931000000,
    "revenueEstimated": 5780771964,
    "updatedFromDate": "2025-04-24",
    "fiscalDateEnding": "2022-10-30"
  },
  {
    "date": "2022-08-24",
    "symbol": "NVDA",
    "eps": 0.05,
    "epsEstimated": 0.06,
    "time": "amc",
    "revenue": 6704000000,
    "revenueEstimated": 6699486570,
    "updatedFromDate": "2025-04-24",
    "fiscalDateEnding": "2022-07-31"
  },
  {
    "date": "2022-05-25",
    "symbol": "NVDA",
    "eps": 0.14,
    "epsEstimated": 0.13,
    "time": "amc",
    "revenue": 8288000000,
    "revenueEstimated": 8123361361,
    "updatedFromDate": "2025-04-24",
    "fiscalDateEnding": "2022-05-01"
  },
  {
    "date": "2022-02-16",
    "symbol": "NVDA",
    "eps": 0.13,
    "epsEstimated": 0.12,
    "time": "amc",
    "revenue": 7643000000,
    "revenueEstimated": 7420320441,
    "updatedFromDate": "2025-04-24",
    "fiscalDateEnding": "2022-01-30"
  },
  {
    "date": "2021-11-17",
    "symbol": "NVDA",
    "eps": 0.12,
    "epsEstimated": 0.11,
    "time": "amc",
    "revenue": 7103000000,
    "revenueEstimated": 7413390000,
    "updatedFromDate": "2025-04-24",
    "fiscalDateEnding": "2021-10-31"
  },
  {
    "date": "2021-08-18",
    "symbol": "NVDA",
    "eps": 0.1,
    "epsEstimated": 0.1,
    "time": "amc",
    "revenue": 6507000000,
    "revenueEstimated": 6816700000,
    "updatedFromDate": "2025-04-24",
    "fiscalDateEnding": "2021-08-01"
  },
  {
    "date": "2021-05-26",
    "symbol": "NVDA",
    "eps": 0.09,
    "epsEstimated": 0.08,
    "time": "amc",
    "revenue": 5661000000,
    "revenueEstimated": 5318430000,
    "updatedFromDate": "2025-04-24",
    "fiscalDateEnding": "2021-05-02"
  },
  {
    "date": "2021-02-24",
    "symbol": "NVDA",
    "eps": 0.08,
    "epsEstimated": 0.07,
    "time": "amc",
    "revenue": 5003000000,
    "revenueEstimated": 4814350000,
    "updatedFromDate": "2025-04-24",
    "fiscalDateEnding": "2021-01-31"
  },
  {
    "date": "2020-11-18",
    "symbol": "NVDA",
    "eps": 0.07,
    "epsEstimated": 0.06,
    "time": "amc",
    "revenue": 4726000000,
    "revenueEstimated": 4100770428,
    "updatedFromDate": "2025-04-24",
    "fiscalDateEnding": "2020-10-25"
  },
  {
    "date": "2020-08-19",
    "symbol": "NVDA",
    "eps": 0.05,
    "epsEstimated": 0.05,
    "time": "amc",
    "revenue": 3866000000,
    "revenueEstimated": 3493587155,
    "updatedFromDate": "2025-04-24",
    "fiscalDateEnding": "2020-07-26"
  },
  {
    "date": "2020-05-21",
    "symbol": "NVDA",
    "eps": 0.05,
    "epsEstimated": 0.04684,
    "time": "amc",
    "revenue": 3080000000,
    "revenueEstimated": 2891777777,
    "updatedFromDate": "2025-04-24",
    "fiscalDateEnding": "2020-04-26"
  },
  {
    "date": "2020-02-13",
    "symbol": "NVDA",
    "eps": 0.05,
    "epsEstimated": 0.04415,
    "time": "amc",
    "revenue": 3105000000,
    "revenueEstimated": 2743571428,
    "updatedFromDate": "2025-04-24",
    "fiscalDateEnding": "2020-01-26"
  },
  {
    "date": "2019-11-14",
    "symbol": "NVDA",
    "eps": 0.04,
    "epsEstimated": 0.03538,
    "time": "amc",
    "revenue": 3014000000,
    "revenueEstimated": 2658415730,
    "updatedFromDate": "2025-04-24",
    "fiscalDateEnding": "2019-10-27"
  },
  {
    "date": "2019-08-15",
    "symbol": "NVDA",
    "eps": 0.03,
    "epsEstimated": 0.0277,
    "time": "amc",
    "revenue": 2579000000,
    "revenueEstimated": 2391814516,
    "updatedFromDate": "2025-04-24",
    "fiscalDateEnding": "2019-07-28"
  },
  {
    "date": "2019-05-16",
    "symbol": "NVDA",
    "eps": 0.02,
    "epsEstimated": 0.0184,
    "time": "amc",
    "revenue": 2220000000,
    "revenueEstimated": 2043409090,
    "updatedFromDate": "2025-04-24",
    "fiscalDateEnding": "2019-04-28"
  },
  {
    "date": "2019-02-14",
    "symbol": "NVDA",
    "eps": 0.02,
    "epsEstimated": 0.01878,
    "time": "amc",
    "revenue": 2205000000,
    "revenueEstimated": 2067187500,
    "updatedFromDate": "2025-04-24",
    "fiscalDateEnding": "2019-01-27"
  },
  {
    "date": "2018-11-15",
    "symbol": "NVDA",
    "eps": 0.05,
    "epsEstimated": 0.05,
    "time": "amc",
    "revenue": 3181000000,
    "revenueEstimated": 3232864130,
    "updatedFromDate": "2025-04-24",
    "fiscalDateEnding": "2018-10-28"
  },
  {
    "date": "2018-08-16",
    "symbol": "NVDA",
    "eps": 0.05,
    "epsEstimated": 0.05,
    "time": "amc",
    "revenue": 3123000000,
    "revenueEstimated": 2849335051,
    "updatedFromDate": "2025-04-24",
    "fiscalDateEnding": "2018-07-29"
  },
  {
    "date": "2018-05-10",
    "symbol": "NVDA",
    "eps": 0.05,
    "epsEstimated": 0.03886,
    "time": "amc",
    "revenue": 3207000000,
    "revenueEstimated": 2487380487,
    "updatedFromDate": "2025-04-24",
    "fiscalDateEnding": "2018-04-29"
  },
  {
    "date": "2018-02-08",
    "symbol": "NVDA",
    "eps": 0.04,
    "epsEstimated": 0.02977,
    "time": "amc",
    "revenue": 2911000000,
    "revenueEstimated": 1913410112,
    "updatedFromDate": "2025-04-24",
    "fiscalDateEnding": "2018-01-28"
  },
  {
    "date": "2017-11-09",
    "symbol": "NVDA",
    "eps": 0.03,
    "epsEstimated": 0.0213,
    "time": "amc",
    "revenue": 2636000000,
    "revenueEstimated": 1863037593,
    "updatedFromDate": "2025-04-24",
    "fiscalDateEnding": "2017-10-29"
  },
  {
    "date": "2017-08-10",
    "symbol": "NVDA",
    "eps": 0.03,
    "epsEstimated": 0.02275,
    "time": "amc",
    "revenue": 2230000000,
    "revenueEstimated": 1696739130,
    "updatedFromDate": "2025-04-24",
    "fiscalDateEnding": "2017-07-30"
  },
  {
    "date": "2017-05-09",
    "symbol": "NVDA",
    "eps": 0.02,
    "epsEstimated": 0.01669,
    "time": "amc",
    "revenue": 1937000000,
    "revenueEstimated": 1618253164,
    "updatedFromDate": "2025-04-24",
    "fiscalDateEnding": "2017-04-30"
  },
  {
    "date": "2017-02-09",
    "symbol": "NVDA",
    "eps": 0.02,
    "epsEstimated": 0.01672,
    "time": "amc",
    "revenue": 2173000000,
    "revenueEstimated": 1821808080,
    "updatedFromDate": "2025-04-24",
    "fiscalDateEnding": "2017-01-29"
  },
  {
    "date": "2016-11-10",
    "symbol": "NVDA",
    "eps": 0.02,
    "epsEstimated": 0.01358,
    "time": "amc",
    "revenue": 2004000000,
    "revenueEstimated": 1376240963,
    "updatedFromDate": "2025-04-24",
    "fiscalDateEnding": "2016-10-30"
  },
  {
    "date": "2016-08-11",
    "symbol": "NVDA",
    "eps": 0.01,
    "epsEstimated": 0.00934,
    "time": "amc",
    "revenue": 1428000000,
    "revenueEstimated": 1320900000,
    "updatedFromDate": "2025-04-24",
    "fiscalDateEnding": "2016-07-31"
  },
  {
    "date": "2016-05-12",
    "symbol": "NVDA",
    "eps": 0.01,
    "epsEstimated": 0.00963,
    "time": "amc",
    "revenue": 1305000000,
    "revenueEstimated": 1265454545,
    "updatedFromDate": "2025-04-24",
    "fiscalDateEnding": "2016-05-01"
  },
  {
    "date": "2016-02-17",
    "symbol": "NVDA",
    "eps": 0.01,
    "epsEstimated": 0.00909,
    "time": "amc",
    "revenue": 1401000000,
    "revenueEstimated": 1280914285,
    "updatedFromDate": "2025-04-24",
    "fiscalDateEnding": "2016-01-31"
  },
  {
    "date": "2015-11-05",
    "symbol": "NVDA",
    "eps": 0.01,
    "epsEstimated": 0.00571,
    "time": "amc",
    "revenue": 1305000000,
    "revenueEstimated": 1162755000,
    "updatedFromDate": "2025-04-24",
    "fiscalDateEnding": "2015-10-25"
  },
  {
    "date": "2015-05-07",
    "symbol": "NVDA",
    "eps": 0.01,
    "epsEstimated": 0.01079,
    "time": "amc",
    "revenue": 1151000000,
    "revenueEstimated": 1246916666,
    "updatedFromDate": "2025-04-24",
    "fiscalDateEnding": "2015-04-26"
  },
  {
    "date": "2015-02-11",
    "symbol": "NVDA",
    "eps": 0.01,
    "epsEstimated": 0.00816,
    "time": "amc",
    "revenue": 1250514000,
    "revenueEstimated": 1000400000,
    "updatedFromDate": "2025-04-24",
    "fiscalDateEnding": "2015-01-25"
  },
  {
    "date": "2014-11-06",
    "symbol": "NVDA",
    "eps": 0.01,
    "epsEstimated": 0.00919,
    "time": "amc",
    "revenue": 1225000000,
    "revenueEstimated": 1106812903,
    "updatedFromDate": "2025-04-24",
    "fiscalDateEnding": "2014-10-26"
  },
  {
    "date": "2013-11-07",
    "symbol": "NVDA",
    "eps": 0.01,
    "epsEstimated": 0.00975,
    "time": "amc",
    "revenue": 1053967000,
    "revenueEstimated": 1054000000,
    "updatedFromDate": "2025-04-24",
    "fiscalDateEnding": "2013-10-27"
  },
  {
    "date": "2010-08-12",
    "symbol": "NVDA",
    "eps": -0.00615,
    "epsEstimated": -0.00358,
    "time": "amc",
    "revenue": 811208000,
    "revenueEstimated": 2974400000,
    "updatedFromDate": "2025-04-24",
    "fiscalDateEnding": "2010-08-01"
  },
  {
    "date": "2006-11-09",
    "symbol": "NVDA",
    "eps": 0.07,
    "epsEstimated": 0.06,
    "time": "bmo",
    "revenue": 687519000,
    "revenueEstimated": 820600000,
    "updatedFromDate": "2025-04-24",
    "fiscalDateEnding": "2006-07-30"
  },
  {
    "date": "2003-11-06",
    "symbol": "NVDA",
    "eps": 0.00031,
    "epsEstimated": 0.00026,
    "time": "bmo",
    "revenue": 486069000,
    "revenueEstimated": 388879999,
    "updatedFromDate": "2025-04-24",
    "fiscalDateEnding": "2003-10-26"
  },
  {
    "date": "2003-08-07",
    "symbol": "NVDA",
    "eps": 0.00115,
    "epsEstimated": 0.00157,
    "time": "bmo",
    "revenue": 459774000,
    "revenueEstimated": 613066666,
    "updatedFromDate": "2025-04-24",
    "fiscalDateEnding": "2003-07-27"
  },
  {
    "date": "2003-05-08",
    "symbol": "NVDA",
    "eps": 0.00098,
    "epsEstimated": 0.00086,
    "time": "bmo",
    "revenue": 404983000,
    "revenueEstimated": 405000000,
    "updatedFromDate": "2025-04-24",
    "fiscalDateEnding": "2003-04-27"
  },
  {
    "date": "2003-02-13",
    "symbol": "NVDA",
    "eps": 0.00253,
    "epsEstimated": 0.00101,
    "time": "bmo",
    "revenue": 468953000,
    "revenueEstimated": 386925000,
    "updatedFromDate": "2025-04-24",
    "fiscalDateEnding": "2003-01-26"
  },
  {
    "date": "2002-11-07",
    "symbol": "NVDA",
    "eps": -0.00264,
    "epsEstimated": -0.0022,
    "time": "bmo",
    "revenue": 430304000,
    "revenueEstimated": 645450000,
    "updatedFromDate": "2025-04-24",
    "fiscalDateEnding": "2002-10-27"
  },
  {
    "date": "2002-08-15",
    "symbol": "NVDA",
    "eps": 0.00026,
    "epsEstimated": 0.00028,
    "time": "bmo",
    "revenue": 427285000,
    "revenueEstimated": 427300000,
    "updatedFromDate": "2025-04-24",
    "fiscalDateEnding": "2002-07-28"
  },
  {
    "date": "2001-02-15",
    "symbol": "NVDA",
    "eps": 0.0016,
    "epsEstimated": 0.01276,
    "time": "bmo",
    "revenue": 218218000,
    "revenueEstimated": 360030000,
    "updatedFromDate": "2025-04-24",
    "fiscalDateEnding": "2001-01-28"
  },
  {
    "date": "2000-11-09",
    "symbol": "NVDA",
    "eps": 0.00145,
    "epsEstimated": 0.05,
    "time": "bmo",
    "revenue": 198165000,
    "revenueEstimated": 165166666,
    "updatedFromDate": "2025-04-24",
    "fiscalDateEnding": "2000-10-29"
  },
  {
    "date": "2000-08-21",
    "symbol": "NVDA",
    "eps": 0.00059,
    "epsEstimated": 0.00055,
    "time": "bmo",
    "revenue": 170398000,
    "revenueEstimated": 136320000,
    "updatedFromDate": "2025-04-24",
    "fiscalDateEnding": "2000-07-30"
  },
  {
    "date": "2000-05-16",
    "symbol": "NVDA",
    "eps": 0.00098,
    "epsEstimated": 0.00082,
    "time": "bmo",
    "revenue": 148483000,
    "revenueEstimated": 111375000,
    "updatedFromDate": "2025-04-24",
    "fiscalDateEnding": "2000-04-30"
  },
  {
    "date": "2000-02-15",
    "symbol": "NVDA",
    "eps": 0.00081,
    "epsEstimated": 0.00074,
    "time": "bmo",
    "revenue": 128400000,
    "revenueEstimated": 128500000,
    "updatedFromDate": "2025-04-24",
    "fiscalDateEnding": "2000-01-30"
  },
  {
    "date": "1999-11-18",
    "symbol": "NVDA",
    "eps": 0.00063,
    "epsEstimated": 0.0005,
    "time": "bmo",
    "revenue": 97000000,
    "revenueEstimated": 97000000,
    "updatedFromDate": "2025-04-24",
    "fiscalDateEnding": "1999-10-31"
  },
  {
    "date": "1999-08-18",
    "symbol": "NVDA",
    "eps": 0.00042,
    "epsEstimated": 0.0004,
    "time": "bmo",
    "revenue": 78000000,
    "revenueEstimated": 78000000,
    "updatedFromDate": "2025-04-24",
    "fiscalDateEnding": "1999-08-01"
  },
  {
    "date": "1999-06-15",
    "symbol": "NVDA",
    "eps": 0.00037,
    "epsEstimated": null,
    "time": "amc",
    "revenue": 71018000,
    "revenueEstimated": null,
    "updatedFromDate": "2025-04-24",
    "fiscalDateEnding": "1999-05-02"
  },
  {
    "date": "1999-05-18",
    "symbol": "NVDA",
    "eps": 0.02,
    "epsEstimated": 0.01502,
    "time": "bmo",
    "revenue": 71000000,
    "revenueEstimated": 35500000,
    "updatedFromDate": "2025-04-24",
    "fiscalDateEnding": "1999-01-26"
  }
]