[
  {
    "date": "2026-04-29",
    "symbol": "AMZN",
    "eps": null,
    "epsEstimated": null,
    "time": "amc",
    "revenue": null,
    "revenueEstimated": null,
    "updatedFromDate": "2026-01-25",
    "fiscalDateEnding": "2026-03-30"
  },
  {
    "date": "2026-02-05",
    "symbol": "AMZN",
    "eps": null,
    "epsEstimated": 1.97,
    "time": "bmo",
    "revenue": null,
    "revenueEstimated": 211151780700,
    "updatedFromDate": "2026-01-25",
    "fiscalDateEnding": "2025-12-30"
  },
  {
    "date": "2025-10-30",
    "symbol": "AMZN",
    "eps": 1.95,
    "epsEstimated": 1.57,
    "time": "amc",
    "revenue": 180169000000,
    "revenueEstimated": 177913214900,
    "updatedFromDate": "2026-01-25",
    "fiscalDateEnding": "2025-09-30"
  },
  {
    "date": "2025-07-31",
    "symbol": "AMZN",
    "eps": 1.68,
    "epsEstimated": 1.31,
    "time": "amc",
    "revenue": 167702000000,
    "revenueEstimated": 161776404970,
    "updatedFromDate": "2025-10-31",
    "fiscalDateEnding": "2025-06-30"
  },
  {
    "date": "2025-05-01",
    "symbol": "AMZN",
    "eps": 1.59,
    "epsEstimated": 1.37,
    "time": "amc",
    "revenue": 155667000000,
    "revenueEstimated": 155148014892,
    "updatedFromDate": "2025-08-01",
    "fiscalDateEnding": "2025-03-31"
  },
  {
    "date": "2025-02-06",
    "symbol": "AMZN",
    "eps": 1.86,
    "epsEstimated": 1.49,
    "time": "amc",
    "revenue": 187792000000,
    "revenueEstimated": 187337375136,
    "updatedFromDate": "2025-05-06",
    "fiscalDateEnding": "2024-12-31"
  },
  {
    "date": "2024-10-31",
    "symbol": "AMZN",
    "eps": 1.43,
    "epsEstimated": 1.14,
    "time": "amc",
    "revenue": 158877000000,
    "revenueEstimated": 157275157418,
    "updatedFromDate": "2025-04-25",
    "fiscalDateEnding": "2024-09-30"
  },
  {
    "date": "2024-08-01",
    "symbol": "AMZN",
    "eps": 1.26,
    "epsEstimated": 1.03,
    "time": "amc",
    "revenue": 147977000000,
    "revenueEstimated": 148665347243,
    "updatedFromDate": "2025-04-25",
    "fiscalDateEnding": "2024-06-30"
  },
  {
    "date": "2024-04-30",
    "symbol": "AMZN",
    "eps": 0.98,
    "epsEstimated": 0.83,
    "time": "amc",
    "revenue": 143313000000,
    "revenueEstimated": 142654161020,
    "updatedFromDate": "2025-04-25",
    "fiscalDateEnding": "2024-03-31"
  },
  {
    "date": "2024-02-01",
    "symbol": "AMZN",
    "eps": 1,
    "epsEstimated": 0.8,
    "time": "amc",
    "revenue": 169961000000,
    "revenueEstimated": 166172000000,
    "updatedFromDate": "2025-04-25",
    "fiscalDateEnding": "2023-12-31"
  },
  {
    "date": "2023-10-26",
    "symbol": "AMZN",
    "eps": 0.94,
    "epsEstimated": 0.58,
    "time": "amc",
    "revenue": 143083000000,
    "revenueEstimated": 133393000000,
    "updatedFromDate": "2025-04-25",
    "fiscalDateEnding": "2023-09-30"
  },
  {
    "date": "2023-08-03",
    "symbol": "AMZN",
    "eps": 0.65,
    "epsEstimated": 0.35,
    "time": "amc",
    "revenue": 134383000000,
    "revenueEstimated": 119573000000,
    "updatedFromDate": "2025-04-25",
    "fiscalDateEnding": "2023-06-30"
  },
  {
    "date": "2023-04-27",
    "symbol": "AMZN",
    "eps": 0.31,
    "epsEstimated": 0.21,
    "time": "amc",
    "revenue": 127358000000,
    "revenueEstimated": 124551000000,
    "updatedFromDate": "2025-04-25",
    "fiscalDateEnding": "2023-03-31"
  },
  {
    "date": "2023-02-02",
    "symbol": "AMZN",
    "eps": 0.21,
    "epsEstimated": 0.15,
    "time": "amc",
    "revenue": 149204000000,
    "revenueEstimated": 145712886275,
    "updatedFromDate": "2025-04-25",
    "fiscalDateEnding": "2022-12-31"
  },
  {
    "date": "2022-10-27",
    "symbol": "AMZN",
    "eps": 0.2,
    "epsEstimated": 0.22,
    "time": "amc",
    "revenue": 127101000000,
    "revenueEstimated": 127307504866,
    "updatedFromDate": "2025-04-25",
    "fiscalDateEnding": "2022-09-30"
  },
  {
    "date": "2022-07-28",
    "symbol": "AMZN",
    "eps": 0.1,
    "epsEstimated": 0.15,
    "time": "amc",
    "revenue": 121234000000,
    "revenueEstimated": 118999465993,
    "updatedFromDate": "2025-04-25",
    "fiscalDateEnding": "2022-06-30"
  },
  {
    "date": "2022-04-28",
    "symbol": "AMZN",
    "eps": 0.21,
    "epsEstimated": 0.44,
    "time": "amc",
    "revenue": 116444000000,
    "revenueEstimated": 116450273046,
    "updatedFromDate": "2025-04-25",
    "fiscalDateEnding": "2022-03-31"
  },
  {
    "date": "2022-02-03",
    "symbol": "AMZN",
    "eps": 1.39,
    "epsEstimated": 0.19,
    "time": "amc",
    "revenue": 137412000000,
    "revenueEstimated": 137681864590,
    "updatedFromDate": "2025-04-25",
    "fiscalDateEnding": "2021-12-31"
  },
  {
    "date": "2021-10-28",
    "symbol": "AMZN",
    "eps": 0.31,
    "epsEstimated": 0.45,
    "time": "amc",
    "revenue": 110812000000,
    "revenueEstimated": 137634000000,
    "updatedFromDate": "2025-04-25",
    "fiscalDateEnding": "2021-09-30"
  },
  {
    "date": "2021-07-29",
    "symbol": "AMZN",
    "eps": 0.76,
    "epsEstimated": 0.62,
    "time": "amc",
    "revenue": 113080000000,
    "revenueEstimated": 111678000000,
    "updatedFromDate": "2025-04-25",
    "fiscalDateEnding": "2021-06-30"
  },
  {
    "date": "2021-04-29",
    "symbol": "AMZN",
    "eps": 0.79,
    "epsEstimated": 0.48,
    "time": "amc",
    "revenue": 108518000000,
    "revenueEstimated": 92624208018,
    "updatedFromDate": "2025-04-25",
    "fiscalDateEnding": "2021-03-31"
  },
  {
    "date": "2021-02-02",
    "symbol": "AMZN",
    "eps": 0.7,
    "epsEstimated": 0.36,
    "time": "amc",
    "revenue": 125555000000,
    "revenueEstimated": 120761622016,
    "updatedFromDate": "2025-04-25",
    "fiscalDateEnding": "2020-12-31"
  },
  {
    "date": "2020-10-29",
    "symbol": "AMZN",
    "eps": 0.62,
    "epsEstimated": 0.37,
    "time": "amc",
    "revenue": 96145000000,
    "revenueEstimated": 78677360829,
    "updatedFromDate": "2025-04-25",
    "fiscalDateEnding": "2020-09-30"
  },
  {
    "date": "2020-07-30",
    "symbol": "AMZN",
    "eps": 0.52,
    "epsEstimated": 0.07,
    "time": "amc",
    "revenue": 88912000000,
    "revenueEstimated": 12603060194,
    "updatedFromDate": "2025-04-25",
    "fiscalDateEnding": "2020-06-30"
  },
  {
    "date": "2020-04-30",
    "symbol": "AMZN",
    "eps": 0.25,
    "epsEstimated": 0.31,
    "time": "amc",
    "revenue": 75452000000,
    "revenueEstimated": 94126746506,
    "updatedFromDate": "2025-04-25",
    "fiscalDateEnding": "2020-03-31"
  },
  {
    "date": "2020-01-30",
    "symbol": "AMZN",
    "eps": 0.32,
    "epsEstimated": 0.2,
    "time": "amc",
    "revenue": 87436000000,
    "revenueEstimated": 54461681607,
    "updatedFromDate": "2025-04-25",
    "fiscalDateEnding": "2019-12-31"
  },
  {
    "date": "2019-10-24",
    "symbol": "AMZN",
    "eps": 0.21,
    "epsEstimated": 0.23,
    "time": "amc",
    "revenue": 69981000000,
    "revenueEstimated": 76433148936,
    "updatedFromDate": "2025-04-25",
    "fiscalDateEnding": "2019-09-30"
  },
  {
    "date": "2019-07-25",
    "symbol": "AMZN",
    "eps": 0.26,
    "epsEstimated": 0.28,
    "time": "amc",
    "revenue": 63404000000,
    "revenueEstimated": 67655226053,
    "updatedFromDate": "2025-04-25",
    "fiscalDateEnding": "2019-06-30"
  },
  {
    "date": "2019-04-25",
    "symbol": "AMZN",
    "eps": 0.35,
    "epsEstimated": 0.24,
    "time": "amc",
    "revenue": 59700000000,
    "revenueEstimated": 39743864598,
    "updatedFromDate": "2025-04-25",
    "fiscalDateEnding": "2019-03-31"
  },
  {
    "date": "2019-01-31",
    "symbol": "AMZN",
    "eps": 0.3,
    "epsEstimated": 0.28,
    "time": "amc",
    "revenue": 72383000000,
    "revenueEstimated": 68068781456,
    "updatedFromDate": "2025-04-25",
    "fiscalDateEnding": "2018-12-31"
  },
  {
    "date": "2018-10-25",
    "symbol": "AMZN",
    "eps": 0.29,
    "epsEstimated": 0.16,
    "time": "amc",
    "revenue": 56576000000,
    "revenueEstimated": 53178512100,
    "updatedFromDate": "2025-04-25",
    "fiscalDateEnding": "2018-09-30"
  },
  {
    "date": "2018-07-26",
    "symbol": "AMZN",
    "eps": 0.25,
    "epsEstimated": 0.13,
    "time": "amc",
    "revenue": 52886000000,
    "revenueEstimated": 44574456492,
    "updatedFromDate": "2025-04-25",
    "fiscalDateEnding": "2018-06-30"
  },
  {
    "date": "2018-04-26",
    "symbol": "AMZN",
    "eps": 0.16,
    "epsEstimated": 0.06,
    "time": "amc",
    "revenue": 51042000000,
    "revenueEstimated": 19667559633,
    "updatedFromDate": "2025-04-25",
    "fiscalDateEnding": "2018-03-31"
  },
  {
    "date": "2018-02-01",
    "symbol": "AMZN",
    "eps": 0.11,
    "epsEstimated": 0.09,
    "time": "amc",
    "revenue": 60453000000,
    "revenueEstimated": 51497000000,
    "updatedFromDate": "2025-04-25",
    "fiscalDateEnding": "2017-12-31"
  },
  {
    "date": "2017-10-26",
    "symbol": "AMZN",
    "eps": 0.03,
    "epsEstimated": 0.00171,
    "time": "amc",
    "revenue": 43744000000,
    "revenueEstimated": 2523692307,
    "updatedFromDate": "2025-04-25",
    "fiscalDateEnding": "2017-09-30"
  },
  {
    "date": "2017-07-27",
    "symbol": "AMZN",
    "eps": 0.02,
    "epsEstimated": 0.07,
    "time": "amc",
    "revenue": 37955000000,
    "revenueEstimated": 134740250000,
    "updatedFromDate": "2025-04-25",
    "fiscalDateEnding": "2017-06-30"
  },
  {
    "date": "2017-04-27",
    "symbol": "AMZN",
    "eps": 0.07,
    "epsEstimated": 0.05,
    "time": "amc",
    "revenue": 35714000000,
    "revenueEstimated": 26302878378,
    "updatedFromDate": "2025-04-25",
    "fiscalDateEnding": "2017-03-31"
  },
  {
    "date": "2017-02-02",
    "symbol": "AMZN",
    "eps": 0.08,
    "epsEstimated": 0.07,
    "time": "amc",
    "revenue": 43741000000,
    "revenueEstimated": 38344383116,
    "updatedFromDate": "2025-04-25",
    "fiscalDateEnding": "2016-12-31"
  },
  {
    "date": "2016-10-27",
    "symbol": "AMZN",
    "eps": 0.03,
    "epsEstimated": 0.04494,
    "time": "amc",
    "revenue": 32714000000,
    "revenueEstimated": 49071000000,
    "updatedFromDate": "2025-04-25",
    "fiscalDateEnding": "2016-09-30"
  },
  {
    "date": "2016-07-28",
    "symbol": "AMZN",
    "eps": 0.09,
    "epsEstimated": 0.06,
    "time": "amc",
    "revenue": 30404000000,
    "revenueEstimated": 18959797752,
    "updatedFromDate": "2025-04-25",
    "fiscalDateEnding": "2016-06-30"
  },
  {
    "date": "2016-04-28",
    "symbol": "AMZN",
    "eps": 0.05,
    "epsEstimated": 0.02756,
    "time": "amc",
    "revenue": 29128000000,
    "revenueEstimated": 25169981892,
    "updatedFromDate": "2025-04-25",
    "fiscalDateEnding": "2016-03-31"
  },
  {
    "date": "2016-01-28",
    "symbol": "AMZN",
    "eps": 0.05,
    "epsEstimated": 0.08,
    "time": "amc",
    "revenue": 35747000000,
    "revenueEstimated": 55765320000,
    "updatedFromDate": "2025-04-25",
    "fiscalDateEnding": "2015-12-31"
  },
  {
    "date": "2015-10-22",
    "symbol": "AMZN",
    "eps": 0.01,
    "epsEstimated": 0.00307,
    "time": "amc",
    "revenue": 25358000000,
    "revenueEstimated": 20883058823,
    "updatedFromDate": "2025-04-25",
    "fiscalDateEnding": "2015-09-30"
  },
  {
    "date": "2015-07-23",
    "symbol": "AMZN",
    "eps": 0.01,
    "epsEstimated": 0.00296,
    "time": "amc",
    "revenue": 23185000000,
    "revenueEstimated": 17083684210,
    "updatedFromDate": "2025-04-25",
    "fiscalDateEnding": "2015-06-30"
  },
  {
    "date": "2015-04-23",
    "symbol": "AMZN",
    "eps": -0.01,
    "epsEstimated": -0.00981,
    "time": "amc",
    "revenue": 22717000000,
    "revenueEstimated": 22717000000,
    "updatedFromDate": "2025-04-25",
    "fiscalDateEnding": "2015-03-31"
  },
  {
    "date": "2015-01-29",
    "symbol": "AMZN",
    "eps": 0.02,
    "epsEstimated": 0.00746,
    "time": "amc",
    "revenue": 29329000000,
    "revenueEstimated": 11079844444,
    "updatedFromDate": "2025-04-25",
    "fiscalDateEnding": "2014-12-31"
  },
  {
    "date": "2014-10-23",
    "symbol": "AMZN",
    "eps": -0.05,
    "epsEstimated": -0.03868,
    "time": "amc",
    "revenue": 20579000000,
    "revenueEstimated": 15813336842,
    "updatedFromDate": "2025-04-25",
    "fiscalDateEnding": "2014-09-30"
  },
  {
    "date": "2014-07-24",
    "symbol": "AMZN",
    "eps": -0.01,
    "epsEstimated": -0.00539,
    "time": "amc",
    "revenue": 19340000000,
    "revenueEstimated": 14359949996,
    "updatedFromDate": "2025-04-25",
    "fiscalDateEnding": "2014-06-30"
  },
  {
    "date": "2014-04-24",
    "symbol": "AMZN",
    "eps": 0.01,
    "epsEstimated": 0.00991,
    "time": "amc",
    "revenue": 19741000000,
    "revenueEstimated": 19741000000,
    "updatedFromDate": "2025-04-25",
    "fiscalDateEnding": "2014-03-31"
  },
  {
    "date": "2014-01-30",
    "symbol": "AMZN",
    "eps": 0.03,
    "epsEstimated": 0.03893,
    "time": "amc",
    "revenue": 25587000000,
    "revenueEstimated": 33112588235,
    "updatedFromDate": "2025-04-25",
    "fiscalDateEnding": "2013-12-31"
  },
  {
    "date": "2013-10-24",
    "symbol": "AMZN",
    "eps": -0.00449,
    "epsEstimated": -0.00439,
    "time": "amc",
    "revenue": 17092000000,
    "revenueEstimated": 17092000000,
    "updatedFromDate": "2025-04-25",
    "fiscalDateEnding": "2013-09-30"
  },
  {
    "date": "2013-07-25",
    "symbol": "AMZN",
    "eps": -0.00077,
    "epsEstimated": -0.00032,
    "time": "amc",
    "revenue": 15704000000,
    "revenueEstimated": 39260000000,
    "updatedFromDate": "2025-04-25",
    "fiscalDateEnding": "2013-06-30"
  },
  {
    "date": "2013-04-25",
    "symbol": "AMZN",
    "eps": 0.01,
    "epsEstimated": 0.00433,
    "time": "amc",
    "revenue": 16070000000,
    "revenueEstimated": 14914968746,
    "updatedFromDate": "2025-04-25",
    "fiscalDateEnding": "2013-03-31"
  },
  {
    "date": "2013-01-29",
    "symbol": "AMZN",
    "eps": 0.01,
    "epsEstimated": 0.01327,
    "time": "amc",
    "revenue": 21268000000,
    "revenueEstimated": 28357333333,
    "updatedFromDate": "2025-04-25",
    "fiscalDateEnding": "2012-12-31"
  },
  {
    "date": "2012-10-25",
    "symbol": "AMZN",
    "eps": -0.01,
    "epsEstimated": -0.00343,
    "time": "amc",
    "revenue": 13806000000,
    "revenueEstimated": 4802086956,
    "updatedFromDate": "2025-04-25",
    "fiscalDateEnding": "2012-09-30"
  },
  {
    "date": "2012-07-26",
    "symbol": "AMZN",
    "eps": 0.00076,
    "epsEstimated": 0.00012,
    "time": "amc",
    "revenue": 12834000000,
    "revenueEstimated": 1604249999,
    "updatedFromDate": "2025-04-25",
    "fiscalDateEnding": "2012-06-30"
  },
  {
    "date": "2012-04-26",
    "symbol": "AMZN",
    "eps": 0.01413,
    "epsEstimated": 0.00359,
    "time": "amc",
    "revenue": 13185000000,
    "revenueEstimated": 3296250000,
    "updatedFromDate": "2025-04-25",
    "fiscalDateEnding": "2012-03-31"
  },
  {
    "date": "2012-01-31",
    "symbol": "AMZN",
    "eps": 0.02,
    "epsEstimated": 0.00881,
    "time": "amc",
    "revenue": 17431000000,
    "revenueEstimated": 15226491175,
    "updatedFromDate": "2025-04-25",
    "fiscalDateEnding": "2011-12-31"
  },
  {
    "date": "2011-10-25",
    "symbol": "AMZN",
    "eps": 0.00683,
    "epsEstimated": 0.01192,
    "time": "amc",
    "revenue": 10876000000,
    "revenueEstimated": 18644571428,
    "updatedFromDate": "2025-04-25",
    "fiscalDateEnding": "2011-09-30"
  },
  {
    "date": "2011-07-26",
    "symbol": "AMZN",
    "eps": 0.02,
    "epsEstimated": 0.01705,
    "time": "amc",
    "revenue": 9913000000,
    "revenueEstimated": 8462317073,
    "updatedFromDate": "2025-04-25",
    "fiscalDateEnding": "2011-06-30"
  },
  {
    "date": "2011-04-26",
    "symbol": "AMZN",
    "eps": 0.02,
    "epsEstimated": 0.02752,
    "time": "amc",
    "revenue": 9857000000,
    "revenueEstimated": 13665386363,
    "updatedFromDate": "2025-04-25",
    "fiscalDateEnding": "2011-03-31"
  },
  {
    "date": "2011-01-27",
    "symbol": "AMZN",
    "eps": 0.05,
    "epsEstimated": 0.04853,
    "time": "amc",
    "revenue": 12947000000,
    "revenueEstimated": 12520175824,
    "updatedFromDate": "2025-04-25",
    "fiscalDateEnding": "2010-12-31"
  },
  {
    "date": "2010-10-21",
    "symbol": "AMZN",
    "eps": 0.03,
    "epsEstimated": 0.02796,
    "time": "amc",
    "revenue": 7560000000,
    "revenueEstimated": 7115294117,
    "updatedFromDate": "2025-04-25",
    "fiscalDateEnding": "2010-09-30"
  },
  {
    "date": "2010-07-22",
    "symbol": "AMZN",
    "eps": 0.02,
    "epsEstimated": 0.02394,
    "time": "amc",
    "revenue": 6566000000,
    "revenueEstimated": 7879200000,
    "updatedFromDate": "2025-04-25",
    "fiscalDateEnding": "2010-06-30"
  },
  {
    "date": "2010-04-22",
    "symbol": "AMZN",
    "eps": 0.03,
    "epsEstimated": 0.02751,
    "time": "amc",
    "revenue": 7131000000,
    "revenueEstimated": 6590772727,
    "updatedFromDate": "2025-04-25",
    "fiscalDateEnding": "2010-03-31"
  },
  {
    "date": "2010-01-28",
    "symbol": "AMZN",
    "eps": 0.04,
    "epsEstimated": 0.03391,
    "time": "amc",
    "revenue": 9520000000,
    "revenueEstimated": 8064000000,
    "updatedFromDate": "2025-04-25",
    "fiscalDateEnding": "2009-12-31"
  },
  {
    "date": "2009-10-22",
    "symbol": "AMZN",
    "eps": 0.02,
    "epsEstimated": 0.01486,
    "time": "amc",
    "revenue": 5449000000,
    "revenueEstimated": 3995933333,
    "updatedFromDate": "2025-04-25",
    "fiscalDateEnding": "2009-09-30"
  },
  {
    "date": "2009-07-23",
    "symbol": "AMZN",
    "eps": 0.02,
    "epsEstimated": 0.01958,
    "time": "amc",
    "revenue": 4651000000,
    "revenueEstimated": 4505656250,
    "updatedFromDate": "2025-04-25",
    "fiscalDateEnding": "2009-06-30"
  },
  {
    "date": "2009-04-23",
    "symbol": "AMZN",
    "eps": 0.02,
    "epsEstimated": 0.01508,
    "time": "amc",
    "revenue": 4889000000,
    "revenueEstimated": 3696560975,
    "updatedFromDate": "2025-04-25",
    "fiscalDateEnding": "2009-03-31"
  },
  {
    "date": "2009-01-29",
    "symbol": "AMZN",
    "eps": 0.03,
    "epsEstimated": 0.02252,
    "time": "amc",
    "revenue": 19166000000,
    "revenueEstimated": 5027250000,
    "updatedFromDate": "2025-04-25",
    "fiscalDateEnding": "2008-12-31"
  },
  {
    "date": "2008-10-22",
    "symbol": "AMZN",
    "eps": 0.01353,
    "epsEstimated": 0.01234,
    "time": "amc",
    "revenue": 4264000000,
    "revenueEstimated": 3948148148,
    "updatedFromDate": "2025-04-25",
    "fiscalDateEnding": "2008-09-30"
  },
  {
    "date": "2008-07-23",
    "symbol": "AMZN",
    "eps": 0.02,
    "epsEstimated": 0.01408,
    "time": "amc",
    "revenue": 4063000000,
    "revenueEstimated": 2855081081,
    "updatedFromDate": "2025-04-25",
    "fiscalDateEnding": "2008-06-30"
  },
  {
    "date": "2008-04-23",
    "symbol": "AMZN",
    "eps": 0.02,
    "epsEstimated": 0.01902,
    "time": "amc",
    "revenue": 4135000000,
    "revenueEstimated": 3891764705,
    "updatedFromDate": "2025-04-25",
    "fiscalDateEnding": "2008-03-31"
  },
  {
    "date": "2008-01-30",
    "symbol": "AMZN",
    "eps": 0.02,
    "epsEstimated": 0.01987,
    "time": "amc",
    "revenue": 14835000000,
    "revenueEstimated": 5672000000,
    "updatedFromDate": "2025-04-25",
    "fiscalDateEnding": "2007-12-31"
  },
  {
    "date": "2007-10-23",
    "symbol": "AMZN",
    "eps": 0.00941,
    "epsEstimated": 0.00899,
    "time": "amc",
    "revenue": 3262000000,
    "revenueEstimated": 3090315789,
    "updatedFromDate": "2025-04-25",
    "fiscalDateEnding": "2007-09-30"
  },
  {
    "date": "2007-07-24",
    "symbol": "AMZN",
    "eps": 0.00922,
    "epsEstimated": 0.00766,
    "time": "amc",
    "revenue": 2886000000,
    "revenueEstimated": 2430315789,
    "updatedFromDate": "2025-04-25",
    "fiscalDateEnding": "2007-06-30"
  },
  {
    "date": "2007-04-24",
    "symbol": "AMZN",
    "eps": 0.01321,
    "epsEstimated": 0.00784,
    "time": "amc",
    "revenue": 3015000000,
    "revenueEstimated": 2984850000,
    "updatedFromDate": "2025-04-25",
    "fiscalDateEnding": "2007-03-31"
  },
  {
    "date": "2007-02-01",
    "symbol": "AMZN",
    "eps": 0.0115,
    "epsEstimated": 0.01057,
    "time": "bmo",
    "revenue": 10711000000,
    "revenueEstimated": 3639391304,
    "updatedFromDate": "2025-04-25",
    "fiscalDateEnding": "2006-12-31"
  },
  {
    "date": "2006-10-24",
    "symbol": "AMZN",
    "eps": 0.00224,
    "epsEstimated": 0.00149,
    "time": "amc",
    "revenue": 2307000000,
    "revenueEstimated": 1903275000,
    "updatedFromDate": "2025-04-25",
    "fiscalDateEnding": "2006-09-30"
  },
  {
    "date": "2006-07-25",
    "symbol": "AMZN",
    "eps": 0.00258,
    "epsEstimated": 0.00335,
    "time": "amc",
    "revenue": 2139000000,
    "revenueEstimated": 2566800000,
    "updatedFromDate": "2025-04-25",
    "fiscalDateEnding": "2006-06-30"
  },
  {
    "date": "2006-04-25",
    "symbol": "AMZN",
    "eps": 0.00599,
    "epsEstimated": 0.00585,
    "time": "amc",
    "revenue": 2279000000,
    "revenueEstimated": 2279000000,
    "updatedFromDate": "2025-04-25",
    "fiscalDateEnding": "2006-03-31"
  },
  {
    "date": "2006-02-02",
    "symbol": "AMZN",
    "eps": 0.02,
    "epsEstimated": 0.00906,
    "time": "amc",
    "revenue": 8490000000,
    "revenueEstimated": 2631455356,
    "updatedFromDate": "2025-04-25",
    "fiscalDateEnding": "2005-12-31"
  },
  {
    "date": "2005-10-25",
    "symbol": "AMZN",
    "eps": 0.0035,
    "epsEstimated": 0.00497,
    "time": "amc",
    "revenue": 1858000000,
    "revenueEstimated": 2654285714,
    "updatedFromDate": "2025-04-25",
    "fiscalDateEnding": "2005-09-30"
  },
  {
    "date": "2005-07-26",
    "symbol": "AMZN",
    "eps": 0.00612,
    "epsEstimated": 0.00537,
    "time": "amc",
    "revenue": 1753000000,
    "revenueEstimated": 1606916666,
    "updatedFromDate": "2025-04-25",
    "fiscalDateEnding": "2005-06-30"
  },
  {
    "date": "2005-04-26",
    "symbol": "AMZN",
    "eps": 0.00613,
    "epsEstimated": 0.00775,
    "time": "amc",
    "revenue": 1902000000,
    "revenueEstimated": 2430333333,
    "updatedFromDate": "2025-04-25",
    "fiscalDateEnding": "2005-03-31"
  },
  {
    "date": "2005-02-02",
    "symbol": "AMZN",
    "eps": 0.02,
    "epsEstimated": 0.02278,
    "time": "amc",
    "revenue": 6921000000,
    "revenueEstimated": 2903953142,
    "updatedFromDate": "2025-04-25",
    "fiscalDateEnding": "2004-12-31"
  },
  {
    "date": "2004-10-21",
    "symbol": "AMZN",
    "eps": 0.00635,
    "epsEstimated": 0.00664,
    "time": "amc",
    "revenue": 1463000000,
    "revenueEstimated": 1548502941,
    "updatedFromDate": "2025-04-25",
    "fiscalDateEnding": "2004-09-30"
  },
  {
    "date": "2004-07-22",
    "symbol": "AMZN",
    "eps": 0.00894,
    "epsEstimated": 0.00942,
    "time": "amc",
    "revenue": 1387000000,
    "revenueEstimated": 1464415500,
    "updatedFromDate": "2025-04-25",
    "fiscalDateEnding": "2004-06-30"
  },
  {
    "date": "2004-04-22",
    "symbol": "AMZN",
    "eps": 0.01306,
    "epsEstimated": 0.01117,
    "time": "amc",
    "revenue": 1530000000,
    "revenueEstimated": 1330738260,
    "updatedFromDate": "2025-04-25",
    "fiscalDateEnding": "2004-03-31"
  },
  {
    "date": "2004-01-27",
    "symbol": "AMZN",
    "eps": 0.0145,
    "epsEstimated": 0.01447,
    "time": "amc",
    "revenue": 5264000000,
    "revenueEstimated": 1945772000,
    "updatedFromDate": "2025-04-25",
    "fiscalDateEnding": "2003-12-31"
  },
  {
    "date": "2003-10-21",
    "symbol": "AMZN",
    "eps": 0.00184,
    "epsEstimated": 0.00163,
    "time": "amc",
    "revenue": 1134456000,
    "revenueEstimated": 1031323636,
    "updatedFromDate": "2025-04-25",
    "fiscalDateEnding": "2003-09-30"
  },
  {
    "date": "2003-07-22",
    "symbol": "AMZN",
    "eps": -0.0055,
    "epsEstimated": -0.00334,
    "time": "amc",
    "revenue": 1099912000,
    "revenueEstimated": 907427398,
    "updatedFromDate": "2025-04-25",
    "fiscalDateEnding": "2003-06-30"
  },
  {
    "date": "2003-04-24",
    "symbol": "AMZN",
    "eps": -0.0013,
    "epsEstimated": -0.00055,
    "time": "amc",
    "revenue": 1083559000,
    "revenueEstimated": 433423600,
    "updatedFromDate": "2025-04-25",
    "fiscalDateEnding": "2003-03-31"
  },
  {
    "date": "2003-01-23",
    "symbol": "AMZN",
    "eps": 0.0095,
    "epsEstimated": 0.00715,
    "time": "amc",
    "revenue": 3932936000,
    "revenueEstimated": 1052660000,
    "updatedFromDate": "2025-04-25",
    "fiscalDateEnding": "2002-12-31"
  },
  {
    "date": "2002-10-24",
    "symbol": "AMZN",
    "eps": -0.00462,
    "epsEstimated": -0.00231,
    "time": "amc",
    "revenue": 851299000,
    "revenueEstimated": 790111881,
    "updatedFromDate": "2025-04-25",
    "fiscalDateEnding": "2002-09-30"
  },
  {
    "date": "2002-07-23",
    "symbol": "AMZN",
    "eps": -0.01241,
    "epsEstimated": -0.00682,
    "time": "amc",
    "revenue": 805605000,
    "revenueEstimated": 4833629999,
    "updatedFromDate": "2025-04-25",
    "fiscalDateEnding": "2002-06-30"
  },
  {
    "date": "2002-04-23",
    "symbol": "AMZN",
    "eps": -0.00321,
    "epsEstimated": -0.0017,
    "time": "amc",
    "revenue": 847422000,
    "revenueEstimated": 7626798000,
    "updatedFromDate": "2025-04-25",
    "fiscalDateEnding": "2002-03-31"
  },
  {
    "date": "2002-01-22",
    "symbol": "AMZN",
    "eps": 0.0045,
    "epsEstimated": 0.00136,
    "time": "bmo",
    "revenue": 3122433000,
    "revenueEstimated": 867355222,
    "updatedFromDate": "2025-04-25",
    "fiscalDateEnding": "2001-12-31"
  },
  {
    "date": "2001-10-23",
    "symbol": "AMZN",
    "eps": -0.02308,
    "epsEstimated": -0.02302,
    "time": "bmo",
    "revenue": 639281000,
    "revenueEstimated": 639281000,
    "updatedFromDate": "2025-04-25",
    "fiscalDateEnding": "2001-09-30"
  },
  {
    "date": "2001-07-23",
    "symbol": "AMZN",
    "eps": -0.0234,
    "epsEstimated": -0.0184,
    "time": "bmo",
    "revenue": 667625000,
    "revenueEstimated": 917984375,
    "updatedFromDate": "2025-04-25",
    "fiscalDateEnding": "2001-06-30"
  },
  {
    "date": "2001-04-24",
    "symbol": "AMZN",
    "eps": -0.03128,
    "epsEstimated": -0.02665,
    "time": "bmo",
    "revenue": 700356000,
    "revenueEstimated": 833757142,
    "updatedFromDate": "2025-04-25",
    "fiscalDateEnding": "2001-03-31"
  },
  {
    "date": "2001-01-30",
    "symbol": "AMZN",
    "eps": -0.0125,
    "epsEstimated": -0.01219,
    "time": "bmo",
    "revenue": 2761983000,
    "revenueEstimated": 1009758461,
    "updatedFromDate": "2025-04-25",
    "fiscalDateEnding": "2000-12-31"
  },
  {
    "date": "2000-10-24",
    "symbol": "AMZN",
    "eps": -0.03398,
    "epsEstimated": -0.03008,
    "time": "bmo",
    "revenue": 637858000,
    "revenueEstimated": 739915280,
    "updatedFromDate": "2025-04-25",
    "fiscalDateEnding": "2000-09-30"
  },
  {
    "date": "2000-07-26",
    "symbol": "AMZN",
    "eps": -0.02,
    "epsEstimated": -0.01883,
    "time": "bmo",
    "revenue": 577876000,
    "revenueEstimated": 612898787,
    "updatedFromDate": "2025-04-25",
    "fiscalDateEnding": "2000-06-30"
  },
  {
    "date": "2000-04-26",
    "symbol": "AMZN",
    "eps": -0.02,
    "epsEstimated": -0.01927,
    "time": "bmo",
    "revenue": 573889000,
    "revenueEstimated": 590285828,
    "updatedFromDate": "2025-04-25",
    "fiscalDateEnding": "2000-03-31"
  },
  {
    "date": "2000-02-02",
    "symbol": "AMZN",
    "eps": -0.03,
    "epsEstimated": -0.02646,
    "time": "bmo",
    "revenue": 1639839000,
    "revenueEstimated": 602291963,
    "updatedFromDate": "2025-04-25",
    "fiscalDateEnding": "1999-12-31"
  },
  {
    "date": "1999-10-27",
    "symbol": "AMZN",
    "eps": -0.02964,
    "epsEstimated": -0.02756,
    "time": "bmo",
    "revenue": 355777000,
    "revenueEstimated": 383144461,
    "updatedFromDate": "2025-04-25",
    "fiscalDateEnding": "1999-09-30"
  },
  {
    "date": "1999-07-21",
    "symbol": "AMZN",
    "eps": -0.02141,
    "epsEstimated": -0.02131,
    "time": "bmo",
    "revenue": 314377000,
    "revenueEstimated": 326952080,
    "updatedFromDate": "2025-04-25",
    "fiscalDateEnding": "1999-06-30"
  },
  {
    "date": "1999-04-28",
    "symbol": "AMZN",
    "eps": -0.00983,
    "epsEstimated": -0.00819,
    "time": "bmo",
    "revenue": 293643000,
    "revenueEstimated": 373727454,
    "updatedFromDate": "2025-04-25",
    "fiscalDateEnding": "1999-03-31"
  },
  {
    "date": "1999-01-26",
    "symbol": "AMZN",
    "eps": -0.0035,
    "epsEstimated": -0.00286,
    "time": "bmo",
    "revenue": 609819000,
    "revenueEstimated": 309091444,
    "updatedFromDate": "2025-04-25",
    "fiscalDateEnding": "1998-12-31"
  },
  {
    "date": "1998-10-28",
    "symbol": "AMZN",
    "eps": -0.0075,
    "epsEstimated": -0.00649,
    "time": "bmo",
    "revenue": 153600000,
    "revenueEstimated": 192122500,
    "updatedFromDate": "2025-04-25",
    "fiscalDateEnding": "1998-09-30"
  },
  {
    "date": "1998-07-22",
    "symbol": "AMZN",
    "eps": -0.004,
    "epsEstimated": -0.00395,
    "time": "bmo",
    "revenue": 116000000,
    "revenueEstimated": 115977000,
    "updatedFromDate": "2025-04-25",
    "fiscalDateEnding": "1998-06-30"
  },
  {
    "date": "1998-04-27",
    "symbol": "AMZN",
    "eps": -0.002,
    "epsEstimated": -0.00176,
    "time": "bmo",
    "revenue": 87400000,
    "revenueEstimated": 116500000,
    "updatedFromDate": "2025-04-25",
    "fiscalDateEnding": "1998-03-31"
  },
  {
    "date": "1998-01-22",
    "symbol": "AMZN",
    "eps": -0.0015,
    "epsEstimated": -0.00135,
    "time": "bmo",
    "revenue": 147787000,
    "revenueEstimated": 82625000,
    "updatedFromDate": "2025-04-25",
    "fiscalDateEnding": "1997-12-31"
  },
  {
    "date": "1997-10-27",
    "symbol": "AMZN",
    "eps": -0.0015,
    "epsEstimated": -0.00132,
    "time": "bmo",
    "revenue": 37900000,
    "revenueEstimated": 37900000,
    "updatedFromDate": "2025-04-25",
    "fiscalDateEnding": "1997-09-30"
  },
  {
    "date": "1997-08-14",
    "symbol": "AMZN",
    "eps": -0.0015,
    "epsEstimated": null,
    "time": "amc",
    "revenue": 27900000,
    "revenueEstimated": null,
    "updatedFromDate": "2025-04-25",
    "fiscalDateEnding": "1997-06-30"
  },
  {
    "date": "1997-07-10",
    "symbol": "AMZN",
    "eps": -0.00052,
    "epsEstimated": -0.00046,
    "time": "bmo",
    "revenue": 16000000,
    "revenueEstimated": 37200000,
    "updatedFromDate": "2025-04-25",
    "fiscalDateEnding": "1997-03-31"
  },
  {
    "date": "1996-12-30",
    "symbol": "AMZN",
    "eps": -0.00045,
    "epsEstimated": null,
    "time": "amc",
    "revenue": 15746000,
    "revenueEstimated": null,
    "updatedFromDate": "2025-04-25",
    "fiscalDateEnding": "1996-12-31"
  },
  {
    "date": "1996-09-29",
    "symbol": "AMZN",
    "eps": -0.0005,
    "epsEstimated": null,
    "time": "amc",
    "revenue": 4200000,
    "revenueEstimated": null,
    "updatedFromDate": "2025-04-25",
    "fiscalDateEnding": "1996-09-30"
  },
  {
    "date": "1996-06-29",
    "symbol": "AMZN",
    "eps": -0.0005,
    "epsEstimated": null,
    "time": "amc",
    "revenue": 2200000,
    "revenueEstimated": null,
    "updatedFromDate": "2025-04-25",
    "fiscalDateEnding": "1996-06-30"
  },
  {
    "date": "1996-03-30",
    "symbol": "AMZN",
    "eps": -9e-05,
    "epsEstimated": null,
    "time": "amc",
    "revenue": 900000,
    "revenueEstimated": null,
    "updatedFromDate": "2025-04-25",
    "fiscalDateEnding": "1996-03-31"
  }
]