[
  {
    "date": "2026-04-22",
    "symbol": "GOOGL",
    "eps": null,
    "epsEstimated": null,
    "time": "amc",
    "revenue": null,
    "revenueEstimated": null,
    "updatedFromDate": "2026-01-31",
    "fiscalDateEnding": "2026-03-30"
  },
  {
    "date": "2026-02-04",
    "symbol": "GOOGL",
    "eps": null,
    "epsEstimated": 2.58,
    "time": "amc",
    "revenue": null,
    "revenueEstimated": 111450797550,
    "updatedFromDate": "2026-01-31",
    "fiscalDateEnding": "2025-12-30"
  },
  {
    "date": "2025-10-29",
    "symbol": "GOOGL",
    "eps": 2.87,
    "epsEstimated": 2.3,
    "time": "amc",
    "revenue": 102346000000,
    "revenueEstimated": 99927409490,
    "updatedFromDate": "2026-01-29",
    "fiscalDateEnding": "2025-09-30"
  },
  {
    "date": "2025-07-23",
    "symbol": "GOOGL",
    "eps": 2.31,
    "epsEstimated": 2.15,
    "time": "amc",
    "revenue": 96428000000,
    "revenueEstimated": 99826215370,
    "updatedFromDate": "2025-10-23",
    "fiscalDateEnding": "2025-06-30"
  },
  {
    "date": "2025-04-24",
    "symbol": "GOOGL",
    "eps": 2.81,
    "epsEstimated": 2.02,
    "time": "amc",
    "revenue": 90234000000,
    "revenueEstimated": 89152056270,
    "updatedFromDate": "2025-04-25",
    "fiscalDateEnding": "2025-03-30"
  },
  {
    "date": "2025-02-04",
    "symbol": "GOOGL",
    "eps": 2.15,
    "epsEstimated": 2.12,
    "time": "amc",
    "revenue": 96469000000,
    "revenueEstimated": 96668969540,
    "updatedFromDate": "2025-05-03",
    "fiscalDateEnding": "2024-12-31"
  },
  {
    "date": "2024-10-29",
    "symbol": "GOOGL",
    "eps": 2.12,
    "epsEstimated": 1.83,
    "time": "amc",
    "revenue": 88268000000,
    "revenueEstimated": 86311700000,
    "updatedFromDate": "2024-10-28",
    "fiscalDateEnding": "2024-09-30"
  },
  {
    "date": "2024-07-23",
    "symbol": "GOOGL",
    "eps": 1.89,
    "epsEstimated": 1.84,
    "time": "amc",
    "revenue": 84742000000,
    "revenueEstimated": 84191000000,
    "updatedFromDate": "2025-04-25",
    "fiscalDateEnding": "2024-06-30"
  },
  {
    "date": "2024-04-25",
    "symbol": "GOOGL",
    "eps": 1.89,
    "epsEstimated": 1.51,
    "time": "amc",
    "revenue": 80539000000,
    "revenueEstimated": 78609200000,
    "updatedFromDate": "2025-04-25",
    "fiscalDateEnding": "2024-03-31"
  },
  {
    "date": "2024-01-30",
    "symbol": "GOOGL",
    "eps": 1.64,
    "epsEstimated": 1.59,
    "time": "amc",
    "revenue": 86310000000,
    "revenueEstimated": 85305800000,
    "updatedFromDate": "2025-04-25",
    "fiscalDateEnding": "2023-12-31"
  },
  {
    "date": "2023-10-24",
    "symbol": "GOOGL",
    "eps": 1.55,
    "epsEstimated": 1.45,
    "time": "amc",
    "revenue": 76693000000,
    "revenueEstimated": 75943800000,
    "updatedFromDate": "2025-04-25",
    "fiscalDateEnding": "2023-09-30"
  },
  {
    "date": "2023-07-25",
    "symbol": "GOOGL",
    "eps": 1.44,
    "epsEstimated": 1.34,
    "time": "amc",
    "revenue": 74604000000,
    "revenueEstimated": 72798900000,
    "updatedFromDate": "2025-04-25",
    "fiscalDateEnding": "2023-06-30"
  },
  {
    "date": "2023-04-25",
    "symbol": "GOOGL",
    "eps": 1.17,
    "epsEstimated": 1.07,
    "time": "amc",
    "revenue": 69787000000,
    "revenueEstimated": 68904000000,
    "updatedFromDate": "2025-04-25",
    "fiscalDateEnding": "2023-03-31"
  },
  {
    "date": "2023-02-02",
    "symbol": "GOOGL",
    "eps": 1.05,
    "epsEstimated": 1.18,
    "time": "amc",
    "revenue": 76048000000,
    "revenueEstimated": 76178599640,
    "updatedFromDate": "2025-04-25",
    "fiscalDateEnding": "2022-12-31"
  },
  {
    "date": "2022-10-25",
    "symbol": "GOOGL",
    "eps": 1.06,
    "epsEstimated": 1.25,
    "time": "amc",
    "revenue": 69092000000,
    "revenueEstimated": 70976575302,
    "updatedFromDate": "2025-04-25",
    "fiscalDateEnding": "2022-09-30"
  },
  {
    "date": "2022-07-26",
    "symbol": "GOOGL",
    "eps": 1.21,
    "epsEstimated": 1.28,
    "time": "amc",
    "revenue": 69685000000,
    "revenueEstimated": 69798841230,
    "updatedFromDate": "2025-04-25",
    "fiscalDateEnding": "2022-06-30"
  },
  {
    "date": "2022-04-26",
    "symbol": "GOOGL",
    "eps": 1.23,
    "epsEstimated": 1.3,
    "time": "amc",
    "revenue": 68011000000,
    "revenueEstimated": 68055248066,
    "updatedFromDate": "2025-04-25",
    "fiscalDateEnding": "2022-03-31"
  },
  {
    "date": "2022-02-01",
    "symbol": "GOOGL",
    "eps": 1.53,
    "epsEstimated": 1.37,
    "time": "amc",
    "revenue": 75325000000,
    "revenueEstimated": 72270996583,
    "updatedFromDate": "2025-04-25",
    "fiscalDateEnding": "2021-12-31"
  },
  {
    "date": "2021-10-26",
    "symbol": "GOOGL",
    "eps": 1.4,
    "epsEstimated": 1.17,
    "time": "amc",
    "revenue": 65118000000,
    "revenueEstimated": 63259500000,
    "updatedFromDate": "2025-04-25",
    "fiscalDateEnding": "2021-09-30"
  },
  {
    "date": "2021-07-27",
    "symbol": "GOOGL",
    "eps": 1.36,
    "epsEstimated": 0.97,
    "time": "amc",
    "revenue": 61880000000,
    "revenueEstimated": 63237000000,
    "updatedFromDate": "2025-04-25",
    "fiscalDateEnding": "2021-06-30"
  },
  {
    "date": "2021-04-27",
    "symbol": "GOOGL",
    "eps": 1.31,
    "epsEstimated": 0.79,
    "time": "amc",
    "revenue": 55314000000,
    "revenueEstimated": 46297503317,
    "updatedFromDate": "2025-04-25",
    "fiscalDateEnding": "2021-03-31"
  },
  {
    "date": "2021-02-02",
    "symbol": "GOOGL",
    "eps": 1.12,
    "epsEstimated": 0.8,
    "time": "amc",
    "revenue": 56898000000,
    "revenueEstimated": 53074900000,
    "updatedFromDate": "2025-04-25",
    "fiscalDateEnding": "2020-12-31"
  },
  {
    "date": "2020-10-29",
    "symbol": "GOOGL",
    "eps": 0.82,
    "epsEstimated": 0.56,
    "time": "amc",
    "revenue": 46173000000,
    "revenueEstimated": 31786168902,
    "updatedFromDate": "2025-04-25",
    "fiscalDateEnding": "2020-09-30"
  },
  {
    "date": "2020-07-30",
    "symbol": "GOOGL",
    "eps": 0.51,
    "epsEstimated": 0.41,
    "time": "amc",
    "revenue": 38297000000,
    "revenueEstimated": 31038338598,
    "updatedFromDate": "2025-04-25",
    "fiscalDateEnding": "2020-06-30"
  },
  {
    "date": "2020-04-28",
    "symbol": "GOOGL",
    "eps": 0.49,
    "epsEstimated": 0.52,
    "time": "amc",
    "revenue": 41159000000,
    "revenueEstimated": 43077251266,
    "updatedFromDate": "2025-04-25",
    "fiscalDateEnding": "2020-03-31"
  },
  {
    "date": "2020-02-03",
    "symbol": "GOOGL",
    "eps": 0.77,
    "epsEstimated": 0.63,
    "time": "amc",
    "revenue": 46075000000,
    "revenueEstimated": 37610407166,
    "updatedFromDate": "2025-04-25",
    "fiscalDateEnding": "2019-12-31"
  },
  {
    "date": "2019-10-28",
    "symbol": "GOOGL",
    "eps": 0.54,
    "epsEstimated": 0.62,
    "time": "amc",
    "revenue": 40499000000,
    "revenueEstimated": 49703318181,
    "updatedFromDate": "2025-04-25",
    "fiscalDateEnding": "2019-09-30"
  },
  {
    "date": "2019-07-25",
    "symbol": "GOOGL",
    "eps": 0.71,
    "epsEstimated": 0.56,
    "time": "amc",
    "revenue": 38944000000,
    "revenueEstimated": 30968838845,
    "updatedFromDate": "2025-04-25",
    "fiscalDateEnding": "2019-06-30"
  },
  {
    "date": "2019-04-29",
    "symbol": "GOOGL",
    "eps": 0.6,
    "epsEstimated": 0.53,
    "time": "amc",
    "revenue": 36339000000,
    "revenueEstimated": 40584925263,
    "updatedFromDate": "2025-04-25",
    "fiscalDateEnding": "2019-03-31"
  },
  {
    "date": "2019-02-04",
    "symbol": "GOOGL",
    "eps": 0.64,
    "epsEstimated": 0.54,
    "time": "amc",
    "revenue": 39276000000,
    "revenueEstimated": 33278490211,
    "updatedFromDate": "2025-04-25",
    "fiscalDateEnding": "2018-12-31"
  },
  {
    "date": "2018-10-25",
    "symbol": "GOOGL",
    "eps": 0.65,
    "epsEstimated": 0.52,
    "time": "amc",
    "revenue": 33740000000,
    "revenueEstimated": 26919663093,
    "updatedFromDate": "2025-04-25",
    "fiscalDateEnding": "2018-09-30"
  },
  {
    "date": "2018-07-23",
    "symbol": "GOOGL",
    "eps": 0.59,
    "epsEstimated": 0.47,
    "time": "amc",
    "revenue": 32657000000,
    "revenueEstimated": 68982517621,
    "updatedFromDate": "2025-04-25",
    "fiscalDateEnding": "2018-06-30"
  },
  {
    "date": "2018-04-23",
    "symbol": "GOOGL",
    "eps": 0.5,
    "epsEstimated": 0.46,
    "time": "amc",
    "revenue": 31146000000,
    "revenueEstimated": 21683036759,
    "updatedFromDate": "2025-04-25",
    "fiscalDateEnding": "2018-03-31"
  },
  {
    "date": "2018-02-01",
    "symbol": "GOOGL",
    "eps": 0.49,
    "epsEstimated": 0.51,
    "time": "amc",
    "revenue": 32323000000,
    "revenueEstimated": 33256035051,
    "updatedFromDate": "2025-04-25",
    "fiscalDateEnding": "2017-12-31"
  },
  {
    "date": "2017-10-26",
    "symbol": "GOOGL",
    "eps": 0.48,
    "epsEstimated": 0.42,
    "time": "amc",
    "revenue": 27772000000,
    "revenueEstimated": 24173538140,
    "updatedFromDate": "2025-04-25",
    "fiscalDateEnding": "2017-09-30"
  },
  {
    "date": "2017-07-24",
    "symbol": "GOOGL",
    "eps": 0.25,
    "epsEstimated": 0.22,
    "time": "amc",
    "revenue": 26010000000,
    "revenueEstimated": 23310359281,
    "updatedFromDate": "2025-04-25",
    "fiscalDateEnding": "2017-06-30"
  },
  {
    "date": "2017-04-27",
    "symbol": "GOOGL",
    "eps": 0.39,
    "epsEstimated": 0.37,
    "time": "amc",
    "revenue": 24750000000,
    "revenueEstimated": 23661384217,
    "updatedFromDate": "2025-04-25",
    "fiscalDateEnding": "2017-03-31"
  },
  {
    "date": "2017-01-26",
    "symbol": "GOOGL",
    "eps": 0.47,
    "epsEstimated": 0.48,
    "time": "amc",
    "revenue": 26064000000,
    "revenueEstimated": 26871538461,
    "updatedFromDate": "2025-04-25",
    "fiscalDateEnding": "2016-12-31"
  },
  {
    "date": "2016-10-27",
    "symbol": "GOOGL",
    "eps": 0.45,
    "epsEstimated": 0.43,
    "time": "amc",
    "revenue": 22451000000,
    "revenueEstimated": 21385444812,
    "updatedFromDate": "2025-04-25",
    "fiscalDateEnding": "2016-09-30"
  },
  {
    "date": "2016-07-28",
    "symbol": "GOOGL",
    "eps": 0.42,
    "epsEstimated": 0.4,
    "time": "amc",
    "revenue": 21500000000,
    "revenueEstimated": 20529691211,
    "updatedFromDate": "2025-04-25",
    "fiscalDateEnding": "2016-06-30"
  },
  {
    "date": "2016-04-21",
    "symbol": "GOOGL",
    "eps": 0.38,
    "epsEstimated": 0.4,
    "time": "amc",
    "revenue": 20257000000,
    "revenueEstimated": 21526438666,
    "updatedFromDate": "2025-04-25",
    "fiscalDateEnding": "2016-03-31"
  },
  {
    "date": "2016-02-01",
    "symbol": "GOOGL",
    "eps": 0.43,
    "epsEstimated": 0.41,
    "time": "amc",
    "revenue": 21329000000,
    "revenueEstimated": 19951348327,
    "updatedFromDate": "2025-04-25",
    "fiscalDateEnding": "2015-12-31"
  },
  {
    "date": "2015-10-22",
    "symbol": "GOOGL",
    "eps": 0.37,
    "epsEstimated": 0.36,
    "time": "amc",
    "revenue": 18675000000,
    "revenueEstimated": 18312378640,
    "updatedFromDate": "2025-04-25",
    "fiscalDateEnding": "2015-09-30"
  },
  {
    "date": "2015-07-16",
    "symbol": "GOOGL",
    "eps": 0.35,
    "epsEstimated": 0.34,
    "time": "amc",
    "revenue": 17727000000,
    "revenueEstimated": 16959711940,
    "updatedFromDate": "2025-04-25",
    "fiscalDateEnding": "2015-06-30"
  },
  {
    "date": "2015-04-23",
    "symbol": "GOOGL",
    "eps": 0.33,
    "epsEstimated": 0.33,
    "time": "amc",
    "revenue": 17258000000,
    "revenueEstimated": 17336445454,
    "updatedFromDate": "2025-04-25",
    "fiscalDateEnding": "2015-03-31"
  },
  {
    "date": "2015-01-29",
    "symbol": "GOOGL",
    "eps": 0.34,
    "epsEstimated": 0.36,
    "time": "amc",
    "revenue": 18103000000,
    "revenueEstimated": 18688610407,
    "updatedFromDate": "2025-04-25",
    "fiscalDateEnding": "2014-12-31"
  },
  {
    "date": "2014-10-16",
    "symbol": "GOOGL",
    "eps": 0.32,
    "epsEstimated": 0.32,
    "time": "amc",
    "revenue": 16523000000,
    "revenueEstimated": 16978457886,
    "updatedFromDate": "2025-04-25",
    "fiscalDateEnding": "2014-09-30"
  },
  {
    "date": "2014-07-17",
    "symbol": "GOOGL",
    "eps": 0.3,
    "epsEstimated": 0.31,
    "time": "amc",
    "revenue": 15955000000,
    "revenueEstimated": 16364102564,
    "updatedFromDate": "2025-04-25",
    "fiscalDateEnding": "2014-06-30"
  },
  {
    "date": "2014-04-16",
    "symbol": "GOOGL",
    "eps": 0.31,
    "epsEstimated": 0.32,
    "time": "amc",
    "revenue": 15420000000,
    "revenueEstimated": 15756786271,
    "updatedFromDate": "2025-04-25",
    "fiscalDateEnding": "2014-03-31"
  },
  {
    "date": "2014-01-30",
    "symbol": "GOOGL",
    "eps": 0.3,
    "epsEstimated": 0.31,
    "time": "bmo",
    "revenue": 16858000000,
    "revenueEstimated": 15938742622,
    "updatedFromDate": "2025-04-25",
    "fiscalDateEnding": "2013-12-31"
  },
  {
    "date": "2013-10-17",
    "symbol": "GOOGL",
    "eps": 0.27,
    "epsEstimated": 0.26,
    "time": "bmo",
    "revenue": 13754000000,
    "revenueEstimated": 13221930367,
    "updatedFromDate": "2025-04-25",
    "fiscalDateEnding": "2013-09-30"
  },
  {
    "date": "2013-07-18",
    "symbol": "GOOGL",
    "eps": 0.24,
    "epsEstimated": 0.27,
    "time": "bmo",
    "revenue": 13107000000,
    "revenueEstimated": 14590352504,
    "updatedFromDate": "2025-04-25",
    "fiscalDateEnding": "2013-06-30"
  },
  {
    "date": "2013-04-18",
    "symbol": "GOOGL",
    "eps": 0.29,
    "epsEstimated": 0.27,
    "time": "bmo",
    "revenue": 12951000000,
    "revenueEstimated": 11833277673,
    "updatedFromDate": "2025-04-25",
    "fiscalDateEnding": "2013-03-31"
  },
  {
    "date": "2013-01-22",
    "symbol": "GOOGL",
    "eps": 0.26,
    "epsEstimated": 0.26,
    "time": "bmo",
    "revenue": 13215000000,
    "revenueEstimated": 14169919385,
    "updatedFromDate": "2025-04-25",
    "fiscalDateEnding": "2012-12-31"
  },
  {
    "date": "2012-10-18",
    "symbol": "GOOGL",
    "eps": 0.23,
    "epsEstimated": 0.27,
    "time": "bmo",
    "revenue": 13304000000,
    "revenueEstimated": 15350769230,
    "updatedFromDate": "2025-04-25",
    "fiscalDateEnding": "2012-09-30"
  },
  {
    "date": "2012-07-19",
    "symbol": "GOOGL",
    "eps": 0.25,
    "epsEstimated": 0.25,
    "time": "bmo",
    "revenue": 11807000000,
    "revenueEstimated": 11712920318,
    "updatedFromDate": "2025-04-25",
    "fiscalDateEnding": "2012-06-30"
  },
  {
    "date": "2012-04-12",
    "symbol": "GOOGL",
    "eps": 0.25,
    "epsEstimated": 0.24,
    "time": "bmo",
    "revenue": 10645000000,
    "revenueEstimated": 10182173913,
    "updatedFromDate": "2025-04-25",
    "fiscalDateEnding": "2012-03-31"
  },
  {
    "date": "2012-01-19",
    "symbol": "GOOGL",
    "eps": 0.24,
    "epsEstimated": 0.26,
    "time": "bmo",
    "revenue": 10583000000,
    "revenueEstimated": 11592000000,
    "updatedFromDate": "2025-04-25",
    "fiscalDateEnding": "2011-12-31"
  },
  {
    "date": "2011-10-13",
    "symbol": "GOOGL",
    "eps": 0.24,
    "epsEstimated": 0.22,
    "time": "bmo",
    "revenue": 9720000000,
    "revenueEstimated": 8630114416,
    "updatedFromDate": "2025-04-25",
    "fiscalDateEnding": "2011-09-30"
  },
  {
    "date": "2011-07-14",
    "symbol": "GOOGL",
    "eps": 0.22,
    "epsEstimated": 0.2,
    "time": "bmo",
    "revenue": 9026000000,
    "revenueEstimated": 8015455470,
    "updatedFromDate": "2025-04-25",
    "fiscalDateEnding": "2011-06-30"
  },
  {
    "date": "2011-04-14",
    "symbol": "GOOGL",
    "eps": 0.2,
    "epsEstimated": 0.2,
    "time": "bmo",
    "revenue": 8575000000,
    "revenueEstimated": 8596172839,
    "updatedFromDate": "2025-04-25",
    "fiscalDateEnding": "2011-03-31"
  },
  {
    "date": "2011-01-20",
    "symbol": "GOOGL",
    "eps": 0.22,
    "epsEstimated": 0.2,
    "time": "bmo",
    "revenue": 8440000000,
    "revenueEstimated": 7752296296,
    "updatedFromDate": "2025-04-25",
    "fiscalDateEnding": "2010-12-31"
  },
  {
    "date": "2010-10-14",
    "symbol": "GOOGL",
    "eps": 0.19,
    "epsEstimated": 0.17,
    "time": "bmo",
    "revenue": 7286000000,
    "revenueEstimated": 6263785074,
    "updatedFromDate": "2025-04-25",
    "fiscalDateEnding": "2010-09-30"
  },
  {
    "date": "2010-07-15",
    "symbol": "GOOGL",
    "eps": 0.16,
    "epsEstimated": 0.16,
    "time": "bmo",
    "revenue": 6820000000,
    "revenueEstimated": 6882760736,
    "updatedFromDate": "2025-04-25",
    "fiscalDateEnding": "2010-06-30"
  },
  {
    "date": "2010-04-15",
    "symbol": "GOOGL",
    "eps": 0.17,
    "epsEstimated": 0.16,
    "time": "bmo",
    "revenue": 6775000000,
    "revenueEstimated": 6610757575,
    "updatedFromDate": "2025-04-25",
    "fiscalDateEnding": "2010-03-31"
  },
  {
    "date": "2010-01-21",
    "symbol": "GOOGL",
    "eps": 0.17,
    "epsEstimated": 0.16,
    "time": "bmo",
    "revenue": 6673863000,
    "revenueEstimated": 6344419753,
    "updatedFromDate": "2025-04-25",
    "fiscalDateEnding": "2009-12-31"
  },
  {
    "date": "2009-10-15",
    "symbol": "GOOGL",
    "eps": 0.15,
    "epsEstimated": 0.14,
    "time": "bmo",
    "revenue": 5945000000,
    "revenueEstimated": 5418505535,
    "updatedFromDate": "2025-04-25",
    "fiscalDateEnding": "2009-09-30"
  },
  {
    "date": "2009-07-16",
    "symbol": "GOOGL",
    "eps": 0.13,
    "epsEstimated": 0.13,
    "time": "bmo",
    "revenue": 5523000000,
    "revenueEstimated": 5218582677,
    "updatedFromDate": "2025-04-25",
    "fiscalDateEnding": "2009-06-30"
  },
  {
    "date": "2009-04-16",
    "symbol": "GOOGL",
    "eps": 0.13,
    "epsEstimated": 0.12,
    "time": "bmo",
    "revenue": 5509000000,
    "revenueEstimated": 5240268292,
    "updatedFromDate": "2025-04-25",
    "fiscalDateEnding": "2009-03-31"
  },
  {
    "date": "2009-01-22",
    "symbol": "GOOGL",
    "eps": 0.13,
    "epsEstimated": 0.12,
    "time": "bmo",
    "revenue": 5700950000,
    "revenueEstimated": 5540084677,
    "updatedFromDate": "2025-04-25",
    "fiscalDateEnding": "2008-12-31"
  },
  {
    "date": "2008-10-16",
    "symbol": "GOOGL",
    "eps": 0.12,
    "epsEstimated": 0.12,
    "time": "bmo",
    "revenue": 5541400000,
    "revenueEstimated": 5330582278,
    "updatedFromDate": "2025-04-25",
    "fiscalDateEnding": "2008-09-30"
  },
  {
    "date": "2008-07-17",
    "symbol": "GOOGL",
    "eps": 0.12,
    "epsEstimated": 0.12,
    "time": "bmo",
    "revenue": 5367200000,
    "revenueEstimated": 5480227848,
    "updatedFromDate": "2025-04-25",
    "fiscalDateEnding": "2008-06-30"
  },
  {
    "date": "2008-04-17",
    "symbol": "GOOGL",
    "eps": 0.12,
    "epsEstimated": 0.11,
    "time": "bmo",
    "revenue": 5186000000,
    "revenueEstimated": 4818849557,
    "updatedFromDate": "2025-04-25",
    "fiscalDateEnding": "2008-03-31"
  },
  {
    "date": "2008-01-31",
    "symbol": "GOOGL",
    "eps": 0.11,
    "epsEstimated": 0.11,
    "time": "bmo",
    "revenue": 4826686000,
    "revenueEstimated": 4827000000,
    "updatedFromDate": "2025-04-25",
    "fiscalDateEnding": "2007-12-31"
  },
  {
    "date": "2007-10-18",
    "symbol": "GOOGL",
    "eps": 0.1,
    "epsEstimated": 0.09,
    "time": "bmo",
    "revenue": 4231400000,
    "revenueEstimated": 4074296296,
    "updatedFromDate": "2025-04-25",
    "fiscalDateEnding": "2007-09-30"
  },
  {
    "date": "2007-07-19",
    "symbol": "GOOGL",
    "eps": 0.09,
    "epsEstimated": 0.09,
    "time": "bmo",
    "revenue": 3872000000,
    "revenueEstimated": 3915022222,
    "updatedFromDate": "2025-04-25",
    "fiscalDateEnding": "2007-06-30"
  },
  {
    "date": "2007-04-19",
    "symbol": "GOOGL",
    "eps": 0.09,
    "epsEstimated": 0.08,
    "time": "bmo",
    "revenue": 3664000000,
    "revenueEstimated": 3242084848,
    "updatedFromDate": "2025-04-25",
    "fiscalDateEnding": "2007-03-31"
  },
  {
    "date": "2007-01-31",
    "symbol": "GOOGL",
    "eps": 0.08,
    "epsEstimated": 0.07,
    "time": "bmo",
    "revenue": 3205498000,
    "revenueEstimated": 2919623287,
    "updatedFromDate": "2025-04-25",
    "fiscalDateEnding": "2006-12-31"
  },
  {
    "date": "2006-10-19",
    "symbol": "GOOGL",
    "eps": 0.07,
    "epsEstimated": 0.06,
    "time": "bmo",
    "revenue": 2689700000,
    "revenueEstimated": 2467685950,
    "updatedFromDate": "2025-04-25",
    "fiscalDateEnding": "2006-09-30"
  },
  {
    "date": "2006-07-20",
    "symbol": "GOOGL",
    "eps": 0.06,
    "epsEstimated": 0.06,
    "time": "bmo",
    "revenue": 2456000000,
    "revenueEstimated": 2146234234,
    "updatedFromDate": "2025-04-25",
    "fiscalDateEnding": "2006-06-30"
  },
  {
    "date": "2006-04-20",
    "symbol": "GOOGL",
    "eps": 0.06,
    "epsEstimated": 0.05,
    "time": "bmo",
    "revenue": 2253800000,
    "revenueEstimated": 1889717171,
    "updatedFromDate": "2025-04-25",
    "fiscalDateEnding": "2006-03-31"
  },
  {
    "date": "2006-01-31",
    "symbol": "GOOGL",
    "eps": 0.04,
    "epsEstimated": 0.04576,
    "time": "bmo",
    "revenue": 1919092000,
    "revenueEstimated": 2158875000,
    "updatedFromDate": "2025-04-25",
    "fiscalDateEnding": "2005-12-31"
  },
  {
    "date": "2005-10-20",
    "symbol": "GOOGL",
    "eps": 0.04,
    "epsEstimated": 0.03601,
    "time": "bmo",
    "revenue": 1578456000,
    "revenueEstimated": 1392352941,
    "updatedFromDate": "2025-04-25",
    "fiscalDateEnding": "2005-09-30"
  },
  {
    "date": "2005-07-21",
    "symbol": "GOOGL",
    "eps": 0.03,
    "epsEstimated": 0.02673,
    "time": "bmo",
    "revenue": 1384495000,
    "revenueEstimated": 1225180327,
    "updatedFromDate": "2025-04-25",
    "fiscalDateEnding": "2005-06-30"
  },
  {
    "date": "2005-04-21",
    "symbol": "GOOGL",
    "eps": 0.03,
    "epsEstimated": 0.02131,
    "time": "bmo",
    "revenue": 1256516000,
    "revenueEstimated": 1217377173,
    "updatedFromDate": "2025-04-25",
    "fiscalDateEnding": "2005-03-31"
  },
  {
    "date": "2005-02-01",
    "symbol": "GOOGL",
    "eps": 0.02,
    "epsEstimated": 0.01674,
    "time": "bmo",
    "revenue": 1031501000,
    "revenueEstimated": 846769230,
    "updatedFromDate": "2025-04-25",
    "fiscalDateEnding": "2004-12-31"
  },
  {
    "date": "2004-10-21",
    "symbol": "GOOGL",
    "eps": 0.02,
    "epsEstimated": 0.01608,
    "time": "bmo",
    "revenue": 700212000,
    "revenueEstimated": 604500000,
    "updatedFromDate": "2025-04-25",
    "fiscalDateEnding": "2004-06-30"
  },
  {
    "date": "2004-09-29",
    "symbol": "GOOGL",
    "eps": 0.00476,
    "epsEstimated": null,
    "time": "amc",
    "revenue": 805887000,
    "revenueEstimated": null,
    "updatedFromDate": "2025-04-25",
    "fiscalDateEnding": "2004-09-30"
  },
  {
    "date": "2004-03-30",
    "symbol": "GOOGL",
    "eps": 0.00457,
    "epsEstimated": null,
    "time": "amc",
    "revenue": 651623000,
    "revenueEstimated": null,
    "updatedFromDate": "2025-04-25",
    "fiscalDateEnding": "2004-03-31"
  },
  {
    "date": "2003-12-30",
    "symbol": "GOOGL",
    "eps": 0.00257,
    "epsEstimated": null,
    "time": "amc",
    "revenue": 512000000,
    "revenueEstimated": null,
    "updatedFromDate": "2025-04-25",
    "fiscalDateEnding": "2003-12-31"
  },
  {
    "date": "2003-09-29",
    "symbol": "GOOGL",
    "eps": 0.00194,
    "epsEstimated": null,
    "time": "amc",
    "revenue": 394000000,
    "revenueEstimated": null,
    "updatedFromDate": "2025-04-25",
    "fiscalDateEnding": "2003-09-30"
  },
  {
    "date": "2003-06-29",
    "symbol": "GOOGL",
    "eps": 0.0023,
    "epsEstimated": null,
    "time": "amc",
    "revenue": 311199000,
    "revenueEstimated": null,
    "updatedFromDate": "2025-04-25",
    "fiscalDateEnding": "2003-06-30"
  },
  {
    "date": "2003-03-30",
    "symbol": "GOOGL",
    "eps": 0.00262,
    "epsEstimated": null,
    "time": "amc",
    "revenue": 249000000,
    "revenueEstimated": null,
    "updatedFromDate": "2025-04-25",
    "fiscalDateEnding": "2003-03-31"
  },
  {
    "date": "2002-12-30",
    "symbol": "GOOGL",
    "eps": 0.00477,
    "epsEstimated": null,
    "time": "amc",
    "revenue": 188000000,
    "revenueEstimated": null,
    "updatedFromDate": "2025-04-25",
    "fiscalDateEnding": "2002-12-31"
  },
  {
    "date": "2002-09-29",
    "symbol": "GOOGL",
    "eps": 0.00322,
    "epsEstimated": null,
    "time": "amc",
    "revenue": 131000000,
    "revenueEstimated": null,
    "updatedFromDate": "2025-04-25",
    "fiscalDateEnding": "2002-09-30"
  },
  {
    "date": "2002-06-29",
    "symbol": "GOOGL",
    "eps": 0.00193,
    "epsEstimated": null,
    "time": "amc",
    "revenue": 79000000,
    "revenueEstimated": null,
    "updatedFromDate": "2025-04-25",
    "fiscalDateEnding": "2002-06-30"
  },
  {
    "date": "2002-03-30",
    "symbol": "GOOGL",
    "eps": 0.00091,
    "epsEstimated": null,
    "time": "amc",
    "revenue": 42000000,
    "revenueEstimated": null,
    "updatedFromDate": "2025-04-25",
    "fiscalDateEnding": "2002-03-31"
  }
]